<DATE>	<TIME>	<BID>	<ASK>	<LAST>	<VOLUME>	<FLAGS>
2025.10.17	20:00:00.082	1.16709				2
2025.10.17	20:00:00.284	1.16708	1.16710			6
2025.10.17	20:00:01.283		1.16709			4
2025.10.17	20:00:01.484		1.16710			4
2025.10.17	20:00:02.284	1.16709	1.16709			6
2025.10.17	20:00:07.880	1.16710	1.16710			6
2025.10.17	20:00:08.282	1.16714	1.16714			6
2025.10.17	20:00:09.283	1.16718	1.16718			6
2025.10.17	20:00:09.683	1.16719	1.16719			6
2025.10.17	20:00:10.082	1.16718	1.16718			6
2025.10.17	20:00:10.283	1.16716	1.16716			6
2025.10.17	20:00:11.084		1.16717			4
2025.10.17	20:00:11.682	1.16717	1.16718			6
2025.10.17	20:00:11.881	1.16718	1.16719			6
2025.10.17	20:00:12.287	1.16716	1.16717			6
2025.10.17	20:00:14.681	1.16718	1.16719			6
2025.10.17	20:00:15.684	1.16716	1.16717			6
2025.10.17	20:00:17.883	1.16715	1.16716			6
2025.10.17	20:00:18.883	1.16717	1.16718			6
2025.10.17	20:00:19.083	1.16716	1.16717			6
2025.10.17	20:00:19.282	1.16715	1.16716			6
2025.10.17	20:00:19.481	1.16716	1.16717			6
2025.10.17	20:00:21.682	1.16713	1.16714			6
2025.10.17	20:00:24.085	1.16711	1.16712			6
2025.10.17	20:00:24.682	1.16710	1.16711			6
2025.10.17	20:00:24.882	1.16709	1.16710			6
2025.10.17	20:00:26.280	1.16710	1.16711			6
2025.10.17	20:00:26.883	1.16711	1.16712			6
2025.10.17	20:00:27.282	1.16710	1.16711			6
2025.10.17	20:00:27.682	1.16711	1.16712			6
2025.10.17	20:00:29.886	1.16710	1.16711			6
2025.10.17	20:00:30.081	1.16709	1.16710			6
2025.10.17	20:00:32.683	1.16708	1.16709			6
2025.10.17	20:00:33.094	1.16709	1.16710			6
2025.10.17	20:00:33.283	1.16708	1.16709			6
2025.10.17	20:00:34.084	1.16709				2
2025.10.17	20:00:35.083	1.16711	1.16711			6
2025.10.17	20:00:35.684	1.16712	1.16712			6
2025.10.17	20:00:36.084	1.16711	1.16711			6
2025.10.17	20:00:38.282	1.16713	1.16713			6
2025.10.17	20:00:39.482	1.16714	1.16714			6
2025.10.17	20:00:46.485	1.16719	1.16719			6
2025.10.17	20:00:47.082	1.16718				2
2025.10.17	20:00:47.687	1.16716	1.16717			6
2025.10.17	20:00:47.883	1.16715	1.16716			6
2025.10.17	20:00:48.283	1.16714	1.16715			6
2025.10.17	20:00:50.286	1.16715	1.16716			6
2025.10.17	20:00:50.881	1.16714	1.16715			6
2025.10.17	20:00:53.087	1.16716	1.16717			6
2025.10.17	20:00:53.681	1.16714	1.16715			6
2025.10.17	20:00:56.689	1.16713	1.16714			6
2025.10.17	20:00:58.082	1.16714	1.16715			6
2025.10.17	20:00:58.884	1.16712	1.16713			6
2025.10.17	20:01:00.085	1.16712				2
2025.10.17	20:01:00.289		1.16714			4
2025.10.17	20:01:01.282	1.16714	1.16716			6
2025.10.17	20:01:02.083	1.16715				2
2025.10.17	20:01:02.282		1.16715			4
2025.10.17	20:01:02.682	1.16714	1.16714			6
2025.10.17	20:01:03.082	1.16713				2
2025.10.17	20:01:03.684		1.16715			4
2025.10.17	20:01:04.682		1.16714			4
2025.10.17	20:01:06.083		1.16713			4
2025.10.17	20:01:06.682	1.16714	1.16714			6
2025.10.17	20:01:13.086	1.16713	1.16713			6
2025.10.17	20:01:14.084	1.16714	1.16714			6
2025.10.17	20:01:15.881	1.16713	1.16713			6
2025.10.17	20:01:16.682	1.16714	1.16714			6
2025.10.17	20:01:19.083	1.16718	1.16718			6
2025.10.17	20:01:19.283	1.16716	1.16716			6
2025.10.17	20:01:20.084		1.16717			4
2025.10.17	20:01:21.081	1.16714	1.16715			6
2025.10.17	20:01:22.687	1.16713	1.16714			6
2025.10.17	20:01:23.683	1.16714	1.16715			6
2025.10.17	20:01:23.882	1.16713	1.16714			6
2025.10.17	20:01:24.082	1.16714	1.16715			6
2025.10.17	20:01:26.492	1.16713	1.16714			6
2025.10.17	20:01:27.084	1.16714				2
2025.10.17	20:01:29.482	1.16713	1.16713			6
2025.10.17	20:01:29.682	1.16714	1.16714			6
2025.10.17	20:01:33.283	1.16710	1.16710			6
2025.10.17	20:01:33.481	1.16708	1.16708			6
2025.10.17	20:01:33.688	1.16707	1.16707			6
2025.10.17	20:01:33.884	1.16706	1.16706			6
2025.10.17	20:01:34.886	1.16705	1.16705			6
2025.10.17	20:01:35.085	1.16704				2
2025.10.17	20:01:37.081	1.16705	1.16706			6
2025.10.17	20:01:37.282	1.16704	1.16705			6
2025.10.17	20:01:37.887	1.16705	1.16706			6
2025.10.17	20:01:38.282	1.16708	1.16709			6
2025.10.17	20:01:38.288	1.16707	1.16708			6
2025.10.17	20:01:38.882		1.16709			4
2025.10.17	20:01:39.883	1.16708				2
2025.10.17	20:01:43.684	1.16705	1.16706			6
2025.10.17	20:01:45.083	1.16706	1.16707			6
2025.10.17	20:01:45.286	1.16705	1.16706			6
2025.10.17	20:01:45.484	1.16704	1.16705			6
2025.10.17	20:01:45.683	1.16703				2
2025.10.17	20:01:45.883	1.16704	1.16706			6
2025.10.17	20:01:46.683		1.16705			4
2025.10.17	20:01:48.286	1.16703	1.16704			6
2025.10.17	20:01:50.682	1.16705	1.16706			6
2025.10.17	20:01:51.283	1.16704	1.16705			6
2025.10.17	20:01:52.689	1.16703	1.16704			6
2025.10.17	20:01:52.881	1.16702	1.16703			6
2025.10.17	20:01:53.082		1.16704			4
2025.10.17	20:01:53.885	1.16703	1.16705			6
2025.10.17	20:01:54.082		1.16704			4
2025.10.17	20:01:54.682	1.16704	1.16705			6
2025.10.17	20:02:00.082	1.16704				2
2025.10.17	20:02:01.882	1.16703	1.16704			6
2025.10.17	20:02:04.684	1.16701	1.16702			6
2025.10.17	20:02:04.883		1.16703			4
2025.10.17	20:02:05.685	1.16700	1.16702			6
2025.10.17	20:02:05.892		1.16701			4
2025.10.17	20:02:06.882	1.16699	1.16700			6
2025.10.17	20:02:07.681	1.16700	1.16701			6
2025.10.17	20:02:07.883	1.16699	1.16700			6
2025.10.17	20:02:08.282		1.16702			4
2025.10.17	20:02:09.087	1.16701	1.16704			6
2025.10.17	20:02:09.281	1.16700	1.16701			6
2025.10.17	20:02:09.683	1.16702	1.16703			6
2025.10.17	20:02:09.687	1.16703	1.16704			6
2025.10.17	20:02:10.083	1.16702	1.16702			6
2025.10.17	20:02:10.281	1.16704	1.16704			6
2025.10.17	20:02:10.683	1.16703	1.16703			6
2025.10.17	20:02:11.082	1.16702				2
2025.10.17	20:02:13.082	1.16703				2
2025.10.17	20:02:14.284	1.16702	1.16702			6
2025.10.17	20:02:14.484	1.16699	1.16699			6
2025.10.17	20:02:14.487	1.16700	1.16700			6
2025.10.17	20:02:14.885	1.16701	1.16701			6
2025.10.17	20:02:15.282	1.16700	1.16700			6
2025.10.17	20:02:15.484	1.16701	1.16701			6
2025.10.17	20:02:16.281	1.16700	1.16700			6
2025.10.17	20:02:16.481	1.16701	1.16701			6
2025.10.17	20:02:16.683	1.16700	1.16700			6
2025.10.17	20:02:17.683	1.16701	1.16701			6
2025.10.17	20:02:17.885	1.16703	1.16703			6
2025.10.17	20:02:18.284	1.16702	1.16702			6
2025.10.17	20:02:19.883	1.16701	1.16701			6
2025.10.17	20:02:22.097	1.16700	1.16700			6
2025.10.17	20:02:22.483	1.16702	1.16702			6
2025.10.17	20:02:23.082	1.16703	1.16703			6
2025.10.17	20:02:24.282	1.16701	1.16701			6
2025.10.17	20:02:24.482	1.16702	1.16702			6
2025.10.17	20:02:24.882	1.16701	1.16701			6
2025.10.17	20:02:25.081	1.16702	1.16702			6
2025.10.17	20:02:25.089	1.16701	1.16701			6
2025.10.17	20:02:25.281	1.16700	1.16700			6
2025.10.17	20:02:25.882	1.16701	1.16701			6
2025.10.17	20:02:28.283	1.16702	1.16702			6
2025.10.17	20:02:28.683	1.16703	1.16703			6
2025.10.17	20:02:28.882	1.16702	1.16702			6
2025.10.17	20:02:29.882	1.16703	1.16703			6
2025.10.17	20:02:32.482	1.16702	1.16702			6
2025.10.17	20:02:32.882	1.16701	1.16701			6
2025.10.17	20:02:33.082	1.16702	1.16702			6
2025.10.17	20:02:35.682	1.16699	1.16699			6
2025.10.17	20:02:35.882	1.16698	1.16698			6
2025.10.17	20:02:36.084	1.16697	1.16697			6
2025.10.17	20:02:37.082	1.16694	1.16694			6
2025.10.17	20:02:38.082	1.16693				2
2025.10.17	20:02:38.483	1.16694	1.16695			6
2025.10.17	20:02:38.684	1.16693	1.16694			6
2025.10.17	20:02:39.282	1.16699	1.16700			6
2025.10.17	20:02:41.881	1.16700	1.16701			6
2025.10.17	20:02:42.281	1.16701	1.16702			6
2025.10.17	20:02:42.481	1.16700	1.16701			6
2025.10.17	20:02:42.885	1.16699	1.16700			6
2025.10.17	20:02:43.082	1.16700	1.16701			6
2025.10.17	20:02:43.681	1.16701	1.16702			6
2025.10.17	20:02:44.282	1.16700	1.16701			6
2025.10.17	20:02:44.483	1.16702	1.16703			6
2025.10.17	20:02:45.083	1.16703	1.16704			6
2025.10.17	20:02:45.281	1.16704	1.16705			6
2025.10.17	20:02:47.686	1.16702	1.16703			6
2025.10.17	20:02:48.283	1.16701	1.16702			6
2025.10.17	20:02:48.687	1.16702	1.16703			6
2025.10.17	20:02:49.081	1.16701	1.16702			6
2025.10.17	20:02:49.284	1.16702	1.16703			6
2025.10.17	20:02:50.085	1.16700	1.16701			6
2025.10.17	20:02:51.683	1.16698	1.16699			6
2025.10.17	20:02:57.690	1.16697	1.16698			6
2025.10.17	20:02:58.083	1.16698	1.16699			6
2025.10.17	20:02:58.681	1.16699	1.16700			6
2025.10.17	20:02:59.884	1.16700	1.16701			6
2025.10.17	20:03:00.288	1.16700				2
2025.10.17	20:03:03.293	1.16699	1.16700			6
2025.10.17	20:03:04.283	1.16698	1.16699			6
2025.10.17	20:03:05.885	1.16695	1.16696			6
2025.10.17	20:03:06.083	1.16696	1.16697			6
2025.10.17	20:03:06.484	1.16695	1.16696			6
2025.10.17	20:03:07.882	1.16694	1.16695			6
2025.10.17	20:03:08.682	1.16695	1.16696			6
2025.10.17	20:03:08.881	1.16693	1.16694			6
2025.10.17	20:03:09.085	1.16692	1.16693			6
2025.10.17	20:03:09.282	1.16690	1.16692			6
2025.10.17	20:03:09.481	1.16689	1.16691			6
2025.10.17	20:03:10.281	1.16691	1.16693			6
2025.10.17	20:03:10.287		1.16692			4
2025.10.17	20:03:11.283	1.16689	1.16690			6
2025.10.17	20:03:11.487		1.16691			4
2025.10.17	20:03:12.488		1.16690			4
2025.10.17	20:03:14.282	1.16688				2
2025.10.17	20:03:15.283		1.16689			4
2025.10.17	20:03:15.486		1.16690			4
2025.10.17	20:03:15.886	1.16689	1.16691			6
2025.10.17	20:03:16.283		1.16690			4
2025.10.17	20:03:17.086	1.16690	1.16691			6
2025.10.17	20:03:17.280	1.16691	1.16692			6
2025.10.17	20:03:17.480	1.16692	1.16693			6
2025.10.17	20:03:17.682	1.16689	1.16690			6
2025.10.17	20:03:20.281	1.16690	1.16691			6
2025.10.17	20:03:20.484	1.16689	1.16690			6
2025.10.17	20:03:20.883	1.16692	1.16693			6
2025.10.17	20:03:22.082	1.16694	1.16695			6
2025.10.17	20:03:22.882	1.16693	1.16694			6
2025.10.17	20:03:23.085	1.16694	1.16695			6
2025.10.17	20:03:24.882	1.16693	1.16694			6
2025.10.17	20:03:26.683	1.16694	1.16695			6
2025.10.17	20:03:27.284	1.16695	1.16696			6
2025.10.17	20:03:28.483	1.16697	1.16698			6
2025.10.17	20:03:28.683	1.16699	1.16700			6
2025.10.17	20:03:36.083	1.16700	1.16701			6
2025.10.17	20:03:36.282	1.16703	1.16704			6
2025.10.17	20:03:36.483	1.16704	1.16705			6
2025.10.17	20:03:41.687	1.16708	1.16709			6
2025.10.17	20:03:42.683	1.16706	1.16707			6
2025.10.17	20:03:43.282	1.16707	1.16708			6
2025.10.17	20:03:43.484	1.16708	1.16709			6
2025.10.17	20:03:47.282	1.16709	1.16710			6
2025.10.17	20:03:48.483	1.16707	1.16708			6
2025.10.17	20:03:49.086	1.16708	1.16709			6
2025.10.17	20:03:51.084	1.16709	1.16710			6
2025.10.17	20:03:51.281	1.16711	1.16712			6
2025.10.17	20:03:51.481	1.16712	1.16713			6
2025.10.17	20:03:52.483	1.16713	1.16714			6
2025.10.17	20:03:52.683	1.16712	1.16713			6
2025.10.17	20:03:52.881	1.16713	1.16714			6
2025.10.17	20:03:53.683		1.16715			4
2025.10.17	20:03:53.882	1.16712	1.16714			6
2025.10.17	20:03:54.082	1.16710	1.16712			6
2025.10.17	20:03:54.681		1.16711			4
2025.10.17	20:03:57.482	1.16712	1.16713			6
2025.10.17	20:03:59.284	1.16709	1.16710			6
2025.10.17	20:03:59.483	1.16710	1.16711			6
2025.10.17	20:04:00.086	1.16710				2
2025.10.17	20:04:00.487	1.16711	1.16712			6
2025.10.17	20:04:00.886	1.16712	1.16713			6
2025.10.17	20:04:01.885	1.16714	1.16715			6
2025.10.17	20:04:01.891	1.16713	1.16714			6
2025.10.17	20:04:02.087	1.16714	1.16715			6
2025.10.17	20:04:02.489	1.16713	1.16714			6
2025.10.17	20:04:02.882	1.16714	1.16715			6
2025.10.17	20:04:04.284	1.16715	1.16716			6
2025.10.17	20:04:06.087	1.16714	1.16715			6
2025.10.17	20:04:06.286	1.16715	1.16716			6
2025.10.17	20:04:06.483	1.16714	1.16715			6
2025.10.17	20:04:06.884	1.16715	1.16716			6
2025.10.17	20:04:07.882	1.16714	1.16715			6
2025.10.17	20:04:11.084	1.16715				2
2025.10.17	20:04:12.083	1.16714	1.16714			6
2025.10.17	20:04:13.282	1.16715	1.16715			6
2025.10.17	20:04:14.884	1.16716	1.16716			6
2025.10.17	20:04:17.085	1.16715	1.16715			6
2025.10.17	20:04:19.680	1.16714	1.16714			6
2025.10.17	20:04:19.882	1.16715	1.16715			6
2025.10.17	20:04:22.681	1.16716	1.16716			6
2025.10.17	20:04:23.082	1.16715	1.16715			6
2025.10.17	20:04:24.280	1.16714	1.16714			6
2025.10.17	20:04:24.491	1.16715	1.16715			6
2025.10.17	20:04:24.683	1.16714	1.16714			6
2025.10.17	20:04:24.883	1.16715	1.16715			6
2025.10.17	20:04:27.883	1.16714	1.16714			6
2025.10.17	20:04:28.688	1.16715	1.16715			6
2025.10.17	20:04:29.687	1.16714	1.16714			6
2025.10.17	20:04:29.881	1.16715	1.16715			6
2025.10.17	20:04:30.482	1.16714	1.16714			6
2025.10.17	20:04:32.901	1.16713	1.16713			6
2025.10.17	20:04:34.885	1.16712	1.16712			6
2025.10.17	20:04:36.283	1.16711	1.16711			6
2025.10.17	20:04:36.485	1.16712	1.16712			6
2025.10.17	20:04:38.883	1.16709	1.16709			6
2025.10.17	20:04:39.482	1.16707	1.16707			6
2025.10.17	20:04:40.086	1.16706	1.16706			6
2025.10.17	20:04:40.281	1.16705	1.16705			6
2025.10.17	20:04:45.682	1.16708	1.16708			6
2025.10.17	20:04:45.888	1.16711	1.16711			6
2025.10.17	20:04:47.085	1.16709	1.16710			6
2025.10.17	20:04:47.682	1.16710	1.16711			6
2025.10.17	20:04:47.889	1.16709	1.16710			6
2025.10.17	20:04:48.488	1.16710	1.16711			6
2025.10.17	20:04:50.485	1.16706	1.16707			6
2025.10.17	20:04:50.681	1.16705	1.16706			6
2025.10.17	20:04:53.285	1.16704	1.16705			6
2025.10.17	20:04:53.485	1.16703	1.16704			6
2025.10.17	20:04:57.488	1.16704	1.16705			6
2025.10.17	20:04:58.484	1.16703	1.16704			6
2025.10.17	20:04:59.090	1.16704				2
2025.10.17	20:05:00.287	1.16705	1.16705			6
2025.10.17	20:05:00.682	1.16704	1.16704			6
2025.10.17	20:05:03.482	1.16703	1.16703			6
2025.10.17	20:05:04.482	1.16704	1.16704			6
2025.10.17	20:05:04.883	1.16705	1.16705			6
2025.10.17	20:05:05.084	1.16704	1.16704			6
2025.10.17	20:05:06.681	1.16703	1.16703			6
2025.10.17	20:05:11.682	1.16700	1.16700			6
2025.10.17	20:05:11.884	1.16701	1.16701			6
2025.10.17	20:05:13.682	1.16702	1.16702			6
2025.10.17	20:05:15.883	1.16701	1.16701			6
2025.10.17	20:05:23.682	1.16702	1.16702			6
2025.10.17	20:05:26.882	1.16703	1.16703			6
2025.10.17	20:05:27.082	1.16702	1.16702			6
2025.10.17	20:05:31.482	1.16699	1.16699			6
2025.10.17	20:05:31.681	1.16698	1.16698			6
2025.10.17	20:05:34.088	1.16697	1.16697			6
2025.10.17	20:05:34.281	1.16699	1.16699			6
2025.10.17	20:05:36.481	1.16700	1.16700			6
2025.10.17	20:05:38.881	1.16699	1.16699			6
2025.10.17	20:05:40.684	1.16700	1.16700			6
2025.10.17	20:05:42.080	1.16699	1.16699			6
2025.10.17	20:05:44.683	1.16698	1.16698			6
2025.10.17	20:05:45.084	1.16699	1.16699			6
2025.10.17	20:05:45.283	1.16700	1.16700			6
2025.10.17	20:05:45.482	1.16699	1.16699			6
2025.10.17	20:05:48.283	1.16704	1.16704			6
2025.10.17	20:05:49.082	1.16705	1.16705			6
2025.10.17	20:05:49.282	1.16704	1.16704			6
2025.10.17	20:05:49.682	1.16700	1.16700			6
2025.10.17	20:05:49.885	1.16701	1.16701			6
2025.10.17	20:05:50.081	1.16702	1.16702			6
2025.10.17	20:05:50.284	1.16701	1.16701			6
2025.10.17	20:05:51.688	1.16702	1.16702			6
2025.10.17	20:05:52.881	1.16701	1.16701			6
2025.10.17	20:05:53.084	1.16703	1.16703			6
2025.10.17	20:05:53.484	1.16702	1.16702			6
2025.10.17	20:05:54.482	1.16703	1.16703			6
2025.10.17	20:05:55.283	1.16701	1.16701			6
2025.10.17	20:05:56.085	1.16700	1.16700			6
2025.10.17	20:05:58.883	1.16701	1.16701			6
2025.10.17	20:05:59.682	1.16700	1.16700			6
2025.10.17	20:06:00.081	1.16701	1.16701			6
2025.10.17	20:06:00.684	1.16699	1.16699			6
2025.10.17	20:06:00.884	1.16700	1.16700			6
2025.10.17	20:06:01.281	1.16699	1.16699			6
2025.10.17	20:06:01.686	1.16700	1.16700			6
2025.10.17	20:06:01.884	1.16699	1.16699			6
2025.10.17	20:06:02.687	1.16700	1.16700			6
2025.10.17	20:06:03.483	1.16701	1.16701			6
2025.10.17	20:06:04.085	1.16702	1.16702			6
2025.10.17	20:06:04.281	1.16701	1.16701			6
2025.10.17	20:06:04.482	1.16700	1.16700			6
2025.10.17	20:06:05.082	1.16702	1.16702			6
2025.10.17	20:06:10.682	1.16701	1.16701			6
2025.10.17	20:06:10.882	1.16702	1.16702			6
2025.10.17	20:06:15.083	1.16701	1.16701			6
2025.10.17	20:06:15.683	1.16700	1.16700			6
2025.10.17	20:06:17.282	1.16701	1.16701			6
2025.10.17	20:06:21.083	1.16700	1.16700			6
2025.10.17	20:06:22.084	1.16699	1.16699			6
2025.10.17	20:06:22.290	1.16698	1.16698			6
2025.10.17	20:06:22.889	1.16699	1.16699			6
2025.10.17	20:06:24.883	1.16700	1.16700			6
2025.10.17	20:06:25.082	1.16699	1.16699			6
2025.10.17	20:06:25.482	1.16701	1.16701			6
2025.10.17	20:06:27.881	1.16700	1.16700			6
2025.10.17	20:06:28.082	1.16701	1.16701			6
2025.10.17	20:06:28.482	1.16700	1.16700			6
2025.10.17	20:06:29.883	1.16701	1.16701			6
2025.10.17	20:06:30.081	1.16700	1.16700			6
2025.10.17	20:06:30.281	1.16701	1.16701			6
2025.10.17	20:06:31.486	1.16702	1.16702			6
2025.10.17	20:06:31.882	1.16701	1.16701			6
2025.10.17	20:06:32.490	1.16702	1.16702			6
2025.10.17	20:06:32.684	1.16701	1.16701			6
2025.10.17	20:06:33.081	1.16702	1.16702			6
2025.10.17	20:06:36.682	1.16704	1.16704			6
2025.10.17	20:06:36.886	1.16705	1.16705			6
2025.10.17	20:06:37.483	1.16704	1.16704			6
2025.10.17	20:06:37.683	1.16705	1.16705			6
2025.10.17	20:06:38.089	1.16704	1.16704			6
2025.10.17	20:06:38.281	1.16705	1.16705			6
2025.10.17	20:06:38.482	1.16704	1.16704			6
2025.10.17	20:06:38.681	1.16705	1.16705			6
2025.10.17	20:06:39.683	1.16706	1.16706			6
2025.10.17	20:06:40.081	1.16705	1.16705			6
2025.10.17	20:06:41.683	1.16706	1.16706			6
2025.10.17	20:06:43.286	1.16710	1.16710			6
2025.10.17	20:06:43.682	1.16711	1.16711			6
2025.10.17	20:06:48.080	1.16710	1.16710			6
2025.10.17	20:06:48.482	1.16711	1.16711			6
2025.10.17	20:06:57.083	1.16712	1.16712			6
2025.10.17	20:06:57.883	1.16711	1.16711			6
2025.10.17	20:06:58.284	1.16708	1.16708			6
2025.10.17	20:06:58.681	1.16709	1.16709			6
2025.10.17	20:06:59.085	1.16710	1.16710			6
2025.10.17	20:06:59.684	1.16711	1.16711			6
2025.10.17	20:07:00.082	1.16711				2
2025.10.17	20:07:01.882	1.16710	1.16710			6
2025.10.17	20:07:02.085	1.16709	1.16709			6
2025.10.17	20:07:04.090	1.16710	1.16710			6
2025.10.17	20:07:08.282	1.16709	1.16709			6
2025.10.17	20:07:08.296	1.16708	1.16708			6
2025.10.17	20:07:08.483	1.16707	1.16707			6
2025.10.17	20:07:08.882	1.16709	1.16709			6
2025.10.17	20:07:11.482	1.16708	1.16708			6
2025.10.17	20:07:11.684	1.16709	1.16709			6
2025.10.17	20:07:14.882	1.16710	1.16710			6
2025.10.17	20:07:15.881	1.16709	1.16709			6
2025.10.17	20:07:18.882	1.16710	1.16710			6
2025.10.17	20:07:19.082	1.16709	1.16709			6
2025.10.17	20:07:20.483	1.16710	1.16710			6
2025.10.17	20:07:20.682	1.16709	1.16709			6
2025.10.17	20:07:20.890	1.16708	1.16708			6
2025.10.17	20:07:22.083	1.16707	1.16707			6
2025.10.17	20:07:22.884	1.16701	1.16701			6
2025.10.17	20:07:23.083	1.16698	1.16698			6
2025.10.17	20:07:23.490	1.16697	1.16697			6
2025.10.17	20:07:25.283	1.16696	1.16696			6
2025.10.17	20:07:25.887	1.16694	1.16694			6
2025.10.17	20:07:26.682	1.16695	1.16695			6
2025.10.17	20:07:26.883	1.16694	1.16694			6
2025.10.17	20:07:27.881	1.16693	1.16693			6
2025.10.17	20:07:28.081	1.16692	1.16692			6
2025.10.17	20:07:28.484	1.16693	1.16693			6
2025.10.17	20:07:30.883	1.16694	1.16694			6
2025.10.17	20:07:31.083	1.16693	1.16693			6
2025.10.17	20:07:32.089	1.16694	1.16694			6
2025.10.17	20:07:32.286	1.16693	1.16693			6
2025.10.17	20:07:33.883	1.16694	1.16694			6
2025.10.17	20:07:34.283	1.16693	1.16693			6
2025.10.17	20:07:37.685	1.16694	1.16694			6
2025.10.17	20:07:38.482	1.16693	1.16693			6
2025.10.17	20:07:39.684	1.16694	1.16694			6
2025.10.17	20:07:39.884	1.16695	1.16695			6
2025.10.17	20:07:40.683	1.16694	1.16694			6
2025.10.17	20:07:42.683	1.16695	1.16695			6
2025.10.17	20:07:43.485	1.16693	1.16693			6
2025.10.17	20:07:44.281	1.16692	1.16692			6
2025.10.17	20:07:45.483	1.16693	1.16693			6
2025.10.17	20:07:48.881	1.16692	1.16692			6
2025.10.17	20:07:49.082	1.16693	1.16693			6
2025.10.17	20:07:53.281	1.16694	1.16694			6
2025.10.17	20:07:58.483	1.16693	1.16693			6
2025.10.17	20:08:01.083	1.16693				2
2025.10.17	20:08:03.884	1.16694	1.16694			6
2025.10.17	20:08:06.884	1.16696	1.16696			6
2025.10.17	20:08:06.888	1.16697	1.16697			6
2025.10.17	20:08:07.282	1.16696	1.16696			6
2025.10.17	20:08:07.685	1.16698	1.16698			6
2025.10.17	20:08:07.885	1.16699	1.16699			6
2025.10.17	20:08:08.683	1.16700	1.16700			6
2025.10.17	20:08:09.282	1.16699	1.16699			6
2025.10.17	20:08:09.482	1.16700	1.16700			6
2025.10.17	20:08:10.083	1.16699	1.16699			6
2025.10.17	20:08:10.283	1.16698	1.16698			6
2025.10.17	20:08:10.685	1.16699	1.16699			6
2025.10.17	20:08:10.883	1.16698	1.16698			6
2025.10.17	20:08:11.682	1.16705	1.16705			6
2025.10.17	20:08:11.882	1.16704	1.16704			6
2025.10.17	20:08:12.285	1.16702	1.16702			6
2025.10.17	20:08:13.084	1.16701	1.16701			6
2025.10.17	20:08:14.283	1.16702	1.16702			6
2025.10.17	20:08:14.682	1.16701	1.16701			6
2025.10.17	20:08:14.883	1.16703	1.16703			6
2025.10.17	20:08:16.283	1.16702	1.16702			6
2025.10.17	20:08:18.086	1.16704	1.16704			6
2025.10.17	20:08:18.285	1.16703	1.16703			6
2025.10.17	20:08:18.684	1.16704	1.16704			6
2025.10.17	20:08:22.283	1.16705	1.16705			6
2025.10.17	20:08:22.484	1.16704	1.16704			6
2025.10.17	20:08:23.282	1.16703	1.16703			6
2025.10.17	20:08:25.485	1.16704	1.16704			6
2025.10.17	20:08:26.083	1.16703	1.16703			6
2025.10.17	20:08:26.684	1.16704	1.16704			6
2025.10.17	20:08:26.883	1.16703	1.16703			6
2025.10.17	20:08:27.083	1.16704	1.16704			6
2025.10.17	20:08:29.082	1.16703	1.16703			6
2025.10.17	20:08:29.290	1.16704	1.16704			6
2025.10.17	20:08:31.881	1.16703	1.16703			6
2025.10.17	20:08:32.687	1.16704	1.16704			6
2025.10.17	20:08:33.288	1.16705	1.16705			6
2025.10.17	20:08:34.484	1.16706	1.16706			6
2025.10.17	20:08:35.482	1.16707	1.16707			6
2025.10.17	20:08:36.082	1.16706	1.16706			6
2025.10.17	20:08:36.682	1.16705	1.16705			6
2025.10.17	20:08:36.686	1.16706	1.16706			6
2025.10.17	20:08:38.682	1.16705	1.16705			6
2025.10.17	20:08:39.283	1.16706	1.16706			6
2025.10.17	20:08:39.682	1.16705	1.16705			6
2025.10.17	20:08:40.082	1.16704	1.16704			6
2025.10.17	20:08:41.481	1.16705	1.16705			6
2025.10.17	20:08:45.683	1.16706	1.16706			6
2025.10.17	20:08:46.683	1.16705	1.16705			6
2025.10.17	20:08:56.704	1.16706	1.16706			6
2025.10.17	20:08:56.884	1.16705	1.16705			6
2025.10.17	20:08:57.882	1.16700	1.16700			6
2025.10.17	20:08:58.087	1.16699	1.16699			6
2025.10.17	20:08:59.482	1.16698	1.16698			6
2025.10.17	20:08:59.884	1.16699	1.16699			6
2025.10.17	20:09:00.682	1.16699				2
2025.10.17	20:09:00.882	1.16700	1.16700			6
2025.10.17	20:09:02.081	1.16699	1.16699			6
2025.10.17	20:09:02.284	1.16700	1.16700			6
2025.10.17	20:09:03.882	1.16699	1.16699			6
2025.10.17	20:09:32.285	1.16700	1.16700			6
2025.10.17	20:09:33.484	1.16706	1.16706			6
2025.10.17	20:09:33.883	1.16704	1.16704			6
2025.10.17	20:09:34.083	1.16705	1.16705			6
2025.10.17	20:09:36.681	1.16706	1.16706			6
2025.10.17	20:09:36.882	1.16705	1.16705			6
2025.10.17	20:09:36.888	1.16706	1.16706			6
2025.10.17	20:09:37.081	1.16709	1.16709			6
2025.10.17	20:09:37.482	1.16707	1.16707			6
2025.10.17	20:09:37.684	1.16708	1.16708			6
2025.10.17	20:09:37.686	1.16709	1.16709			6
2025.10.17	20:09:38.280	1.16708	1.16708			6
2025.10.17	20:09:39.085	1.16709	1.16709			6
2025.10.17	20:09:39.482	1.16707	1.16707			6
2025.10.17	20:09:39.681	1.16706	1.16706			6
2025.10.17	20:09:40.883	1.16707	1.16707			6
2025.10.17	20:09:41.880	1.16709	1.16709			6
2025.10.17	20:09:42.680	1.16706	1.16706			6
2025.10.17	20:09:42.884	1.16705	1.16705			6
2025.10.17	20:09:46.884	1.16704	1.16704			6
2025.10.17	20:09:47.084	1.16705	1.16705			6
2025.10.17	20:09:58.682	1.16704	1.16704			6
2025.10.17	20:09:58.882	1.16702	1.16702			6
2025.10.17	20:09:59.081	1.16704	1.16704			6
2025.10.17	20:09:59.882	1.16705	1.16705			6
2025.10.17	20:10:00.882	1.16705				2
2025.10.17	20:10:01.481	1.16704	1.16704			6
2025.10.17	20:10:02.082	1.16705	1.16705			6
2025.10.17	20:10:03.282	1.16704	1.16704			6
2025.10.17	20:10:05.283	1.16705	1.16705			6
2025.10.17	20:10:05.688	1.16704	1.16704			6
2025.10.17	20:10:10.681	1.16705	1.16705			6
2025.10.17	20:10:11.884	1.16709	1.16709			6
2025.10.17	20:10:12.082	1.16711	1.16711			6
2025.10.17	20:10:12.283	1.16710	1.16710			6
2025.10.17	20:10:14.281	1.16711	1.16711			6
2025.10.17	20:10:19.282	1.16710	1.16710			6
2025.10.17	20:10:19.883	1.16711	1.16711			6
2025.10.17	20:10:20.090	1.16710	1.16710			6
2025.10.17	20:10:20.487	1.16711	1.16711			6
2025.10.17	20:10:20.882	1.16710	1.16710			6
2025.10.17	20:10:21.482	1.16711	1.16711			6
2025.10.17	20:10:24.086	1.16710	1.16710			6
2025.10.17	20:10:24.284	1.16711	1.16711			6
2025.10.17	20:10:24.882	1.16712	1.16712			6
2025.10.17	20:10:25.083	1.16711	1.16711			6
2025.10.17	20:10:28.883	1.16710	1.16710			6
2025.10.17	20:10:32.082	1.16711	1.16711			6
2025.10.17	20:10:34.082	1.16712	1.16712			6
2025.10.17	20:10:34.286	1.16715	1.16715			6
2025.10.17	20:10:34.887	1.16714	1.16714			6
2025.10.17	20:10:35.285	1.16715	1.16715			6
2025.10.17	20:10:38.482	1.16716	1.16716			6
2025.10.17	20:10:40.682	1.16717	1.16717			6
2025.10.17	20:10:40.882	1.16716	1.16716			6
2025.10.17	20:10:41.887	1.16717	1.16717			6
2025.10.17	20:10:42.482	1.16716	1.16716			6
2025.10.17	20:10:44.280	1.16712	1.16712			6
2025.10.17	20:10:44.883	1.16713	1.16713			6
2025.10.17	20:10:46.083	1.16714	1.16714			6
2025.10.17	20:10:47.680	1.16715	1.16715			6
2025.10.17	20:10:50.681	1.16714	1.16714			6
2025.10.17	20:10:51.687	1.16713	1.16713			6
2025.10.17	20:10:51.689	1.16714	1.16714			6
2025.10.17	20:10:53.282	1.16713	1.16713			6
2025.10.17	20:10:54.282	1.16714	1.16714			6
2025.10.17	20:10:54.488	1.16715	1.16715			6
2025.10.17	20:10:55.085	1.16714	1.16714			6
2025.10.17	20:10:56.083	1.16713	1.16713			6
2025.10.17	20:10:57.284	1.16714	1.16714			6
2025.10.17	20:10:57.684	1.16711	1.16711			6
2025.10.17	20:11:00.484	1.16712	1.16712			6
2025.10.17	20:11:01.085	1.16713	1.16713			6
2025.10.17	20:11:01.283	1.16714	1.16714			6
2025.10.17	20:11:02.082	1.16713	1.16713			6
2025.10.17	20:11:02.282	1.16714	1.16714			6
2025.10.17	20:11:03.085	1.16713	1.16713			6
2025.10.17	20:11:05.682	1.16712	1.16712			6
2025.10.17	20:11:06.285	1.16713	1.16713			6
2025.10.17	20:11:07.681	1.16712	1.16712			6
2025.10.17	20:11:08.683	1.16711	1.16711			6
2025.10.17	20:11:09.485	1.16710	1.16710			6
2025.10.17	20:11:22.882	1.16711	1.16711			6
2025.10.17	20:11:23.281	1.16710	1.16710			6
2025.10.17	20:11:23.483	1.16711	1.16711			6
2025.10.17	20:11:24.282	1.16710	1.16710			6
2025.10.17	20:11:27.282	1.16711	1.16711			6
2025.10.17	20:11:36.685	1.16710	1.16710			6
2025.10.17	20:11:37.489	1.16711	1.16711			6
2025.10.17	20:11:38.085	1.16710	1.16710			6
2025.10.17	20:11:43.683	1.16711	1.16711			6
2025.10.17	20:11:43.881	1.16710	1.16710			6
2025.10.17	20:11:44.481	1.16711	1.16711			6
2025.10.17	20:11:49.083	1.16710	1.16710			6
2025.10.17	20:11:57.282	1.16711	1.16711			6
2025.10.17	20:12:00.083	1.16710	1.16710			6
2025.10.17	20:12:01.682	1.16711	1.16711			6
2025.10.17	20:12:02.087	1.16714	1.16714			6
2025.10.17	20:12:02.285	1.16716	1.16716			6
2025.10.17	20:12:02.881	1.16715	1.16715			6
2025.10.17	20:12:03.084	1.16716	1.16716			6
2025.10.17	20:12:03.285	1.16715	1.16715			6
2025.10.17	20:12:03.683	1.16714	1.16714			6
2025.10.17	20:12:04.082	1.16715	1.16715			6
2025.10.17	20:12:05.682	1.16713	1.16713			6
2025.10.17	20:12:06.282	1.16714	1.16714			6
2025.10.17	20:12:07.082	1.16711	1.16711			6
2025.10.17	20:12:07.682	1.16710	1.16710			6
2025.10.17	20:12:10.087	1.16711	1.16711			6
2025.10.17	20:12:11.084	1.16712	1.16712			6
2025.10.17	20:12:11.885	1.16713	1.16713			6
2025.10.17	20:12:13.884	1.16711	1.16711			6
2025.10.17	20:12:14.083	1.16710	1.16710			6
2025.10.17	20:12:27.283	1.16709	1.16709			6
2025.10.17	20:12:31.281	1.16708	1.16708			6
2025.10.17	20:12:39.482	1.16707	1.16707			6
2025.10.17	20:12:39.682	1.16708	1.16708			6
2025.10.17	20:12:40.882	1.16704	1.16704			6
2025.10.17	20:12:41.082	1.16703	1.16703			6
2025.10.17	20:12:41.282	1.16704	1.16704			6
2025.10.17	20:12:41.685	1.16702	1.16702			6
2025.10.17	20:12:41.887	1.16701	1.16701			6
2025.10.17	20:12:42.085		1.16702			4
2025.10.17	20:12:42.885	1.16702	1.16703			6
2025.10.17	20:12:44.083		1.16702			4
2025.10.17	20:12:49.882	1.16699	1.16699			6
2025.10.17	20:12:50.083	1.16701	1.16701			6
2025.10.17	20:12:52.284	1.16702	1.16702			6
2025.10.17	20:12:54.082	1.16699	1.16699			6
2025.10.17	20:12:55.083	1.16698	1.16698			6
2025.10.17	20:12:59.681	1.16700	1.16700			6
2025.10.17	20:12:59.882	1.16703	1.16703			6
2025.10.17	20:13:00.083	1.16701	1.16702			6
2025.10.17	20:13:00.284	1.16700	1.16701			6
2025.10.17	20:13:00.485	1.16699				2
2025.10.17	20:13:01.485	1.16700				2
2025.10.17	20:13:01.883	1.16702	1.16703			6
2025.10.17	20:13:03.082	1.16703	1.16704			6
2025.10.17	20:13:03.682	1.16704	1.16705			6
2025.10.17	20:13:05.081	1.16705	1.16706			6
2025.10.17	20:13:07.681	1.16704	1.16705			6
2025.10.17	20:13:08.081	1.16703	1.16704			6
2025.10.17	20:13:09.681	1.16704	1.16705			6
2025.10.17	20:13:10.682	1.16703	1.16704			6
2025.10.17	20:13:11.281	1.16704	1.16705			6
2025.10.17	20:13:11.681	1.16703	1.16704			6
2025.10.17	20:13:12.082	1.16704				2
2025.10.17	20:13:15.485	1.16700	1.16700			6
2025.10.17	20:13:16.083	1.16699				2
2025.10.17	20:13:17.482	1.16700	1.16701			6
2025.10.17	20:13:19.882	1.16697	1.16698			6
2025.10.17	20:13:21.484	1.16698	1.16699			6
2025.10.17	20:13:21.683	1.16697	1.16698			6
2025.10.17	20:13:23.482	1.16698	1.16699			6
2025.10.17	20:13:24.683	1.16699	1.16700			6
2025.10.17	20:13:25.082		1.16699			4
2025.10.17	20:13:28.882	1.16698	1.16698			6
2025.10.17	20:13:29.083	1.16699	1.16699			6
2025.10.17	20:13:30.483	1.16697	1.16697			6
2025.10.17	20:13:30.883	1.16696	1.16696			6
2025.10.17	20:13:31.082	1.16697	1.16697			6
2025.10.17	20:13:31.484	1.16696	1.16696			6
2025.10.17	20:13:32.682	1.16697	1.16697			6
2025.10.17	20:13:32.690	1.16698	1.16698			6
2025.10.17	20:13:33.682	1.16697	1.16697			6
2025.10.17	20:13:34.486	1.16698	1.16698			6
2025.10.17	20:13:36.281	1.16697	1.16697			6
2025.10.17	20:13:36.484	1.16698	1.16698			6
2025.10.17	20:13:44.682	1.16699	1.16699			6
2025.10.17	20:13:47.884	1.16698	1.16698			6
2025.10.17	20:13:52.282	1.16699	1.16699			6
2025.10.17	20:13:53.281	1.16698	1.16698			6
2025.10.17	20:14:02.281	1.16698				2
2025.10.17	20:14:05.082	1.16699	1.16699			6
2025.10.17	20:14:15.508	1.16700	1.16700			6
2025.10.17	20:14:15.682	1.16699	1.16699			6
2025.10.17	20:14:18.282	1.16704	1.16704			6
2025.10.17	20:14:20.089	1.16703	1.16703			6
2025.10.17	20:14:20.681	1.16704	1.16704			6
2025.10.17	20:14:21.686	1.16705	1.16705			6
2025.10.17	20:14:21.881	1.16704	1.16704			6
2025.10.17	20:14:22.081	1.16705	1.16705			6
2025.10.17	20:14:32.485	1.16708	1.16708			6
2025.10.17	20:14:34.683	1.16707	1.16707			6
2025.10.17	20:14:35.884	1.16708	1.16708			6
2025.10.17	20:14:36.282	1.16707	1.16707			6
2025.10.17	20:14:36.885	1.16709	1.16709			6
2025.10.17	20:14:37.083	1.16708	1.16708			6
2025.10.17	20:14:39.283	1.16709	1.16709			6
2025.10.17	20:14:42.883	1.16710	1.16710			6
2025.10.17	20:14:44.082	1.16709	1.16709			6
2025.10.17	20:14:45.682	1.16711	1.16711			6
2025.10.17	20:14:46.682	1.16710	1.16710			6
2025.10.17	20:14:47.482	1.16711	1.16711			6
2025.10.17	20:14:48.483	1.16712	1.16712			6
2025.10.17	20:14:50.482	1.16711	1.16711			6
2025.10.17	20:14:51.481	1.16712	1.16712			6
2025.10.17	20:14:52.083	1.16710	1.16710			6
2025.10.17	20:14:52.281	1.16709	1.16709			6
2025.10.17	20:15:01.683	1.16710	1.16710			6
2025.10.17	20:15:01.691	1.16709	1.16709			6
2025.10.17	20:15:02.283	1.16710	1.16710			6
2025.10.17	20:15:02.882	1.16711	1.16711			6
2025.10.17	20:15:03.083	1.16709	1.16709			6
2025.10.17	20:15:03.481	1.16710	1.16710			6
2025.10.17	20:15:03.682	1.16709	1.16709			6
2025.10.17	20:15:04.282	1.16711	1.16711			6
2025.10.17	20:15:06.762	1.16710	1.16710			6
2025.10.17	20:15:07.082	1.16711	1.16711			6
2025.10.17	20:15:11.883	1.16712	1.16712			6
2025.10.17	20:15:12.092	1.16711	1.16711			6
2025.10.17	20:15:12.481	1.16712	1.16712			6
2025.10.17	20:15:13.083	1.16711	1.16711			6
2025.10.17	20:15:13.286	1.16710	1.16710			6
2025.10.17	20:15:14.081	1.16711	1.16711			6
2025.10.17	20:15:16.284	1.16712	1.16712			6
2025.10.17	20:15:17.486	1.16713	1.16713			6
2025.10.17	20:15:17.684	1.16714	1.16714			6
2025.10.17	20:15:17.882	1.16715	1.16715			6
2025.10.17	20:15:20.282	1.16716	1.16716			6
2025.10.17	20:15:23.281	1.16715	1.16715			6
2025.10.17	20:15:24.692	1.16714	1.16714			6
2025.10.17	20:15:25.682	1.16715	1.16715			6
2025.10.17	20:15:27.484	1.16716	1.16716			6
2025.10.17	20:15:30.484	1.16714	1.16714			6
2025.10.17	20:15:30.681	1.16713	1.16713			6
2025.10.17	20:15:30.887	1.16714	1.16714			6
2025.10.17	20:15:34.488	1.16713	1.16713			6
2025.10.17	20:15:35.090	1.16714	1.16714			6
2025.10.17	20:15:36.685	1.16718	1.16718			6
2025.10.17	20:15:38.089	1.16719	1.16719			6
2025.10.17	20:15:38.284	1.16720	1.16720			6
2025.10.17	20:15:39.690	1.16721	1.16721			6
2025.10.17	20:15:40.686	1.16720	1.16720			6
2025.10.17	20:15:45.282	1.16718	1.16718			6
2025.10.17	20:15:46.084	1.16719	1.16719			6
2025.10.17	20:15:46.683	1.16718	1.16718			6
2025.10.17	20:15:46.883	1.16719	1.16719			6
2025.10.17	20:15:48.884	1.16721	1.16721			6
2025.10.17	20:15:49.082	1.16720	1.16720			6
2025.10.17	20:15:56.481	1.16719	1.16719			6
2025.10.17	20:15:56.486	1.16720	1.16720			6
2025.10.17	20:15:56.682	1.16718	1.16718			6
2025.10.17	20:15:58.083	1.16719	1.16719			6
2025.10.17	20:16:03.282	1.16728	1.16728			6
2025.10.17	20:16:04.080	1.16727	1.16727			6
2025.10.17	20:16:05.488	1.16728	1.16728			6
2025.10.17	20:16:06.484	1.16729	1.16729			6
2025.10.17	20:16:08.083	1.16728	1.16728			6
2025.10.17	20:16:08.684	1.16726	1.16726			6
2025.10.17	20:16:23.681	1.16727	1.16727			6
2025.10.17	20:16:24.483	1.16726	1.16726			6
2025.10.17	20:16:27.082	1.16727	1.16727			6
2025.10.17	20:16:27.483	1.16726	1.16726			6
2025.10.17	20:16:32.481	1.16727	1.16727			6
2025.10.17	20:16:33.086	1.16731	1.16731			6
2025.10.17	20:16:33.484	1.16733	1.16733			6
2025.10.17	20:16:33.682	1.16732	1.16732			6
2025.10.17	20:16:34.482	1.16733	1.16733			6
2025.10.17	20:16:36.482	1.16732	1.16732			6
2025.10.17	20:16:39.488	1.16731	1.16731			6
2025.10.17	20:16:40.487	1.16732	1.16732			6
2025.10.17	20:16:42.681	1.16733	1.16733			6
2025.10.17	20:16:43.282	1.16735	1.16735			6
2025.10.17	20:16:47.686	1.16733	1.16733			6
2025.10.17	20:16:47.887	1.16732	1.16732			6
2025.10.17	20:16:48.087	1.16733	1.16733			6
2025.10.17	20:16:49.082	1.16735	1.16735			6
2025.10.17	20:16:52.282	1.16736	1.16736			6
2025.10.17	20:16:52.883	1.16735	1.16735			6
2025.10.17	20:16:53.482	1.16737	1.16737			6
2025.10.17	20:16:56.882	1.16736	1.16736			6
2025.10.17	20:16:57.082	1.16737	1.16737			6
2025.10.17	20:16:57.285	1.16736	1.16736			6
2025.10.17	20:16:59.681	1.16734	1.16734			6
2025.10.17	20:17:01.680	1.16735	1.16735			6
2025.10.17	20:17:02.681	1.16734	1.16734			6
2025.10.17	20:17:03.482	1.16735	1.16735			6
2025.10.17	20:17:04.682	1.16734	1.16734			6
2025.10.17	20:17:05.481	1.16733	1.16733			6
2025.10.17	20:17:06.286	1.16734	1.16734			6
2025.10.17	20:17:07.283	1.16733	1.16733			6
2025.10.17	20:17:10.680	1.16734	1.16734			6
2025.10.17	20:17:11.481	1.16735	1.16735			6
2025.10.17	20:17:17.082	1.16738	1.16738			6
2025.10.17	20:17:17.481	1.16740	1.16740			6
2025.10.17	20:17:18.083	1.16738	1.16738			6
2025.10.17	20:17:20.487	1.16737	1.16737			6
2025.10.17	20:17:20.683	1.16735	1.16735			6
2025.10.17	20:17:20.692	1.16736	1.16736			6
2025.10.17	20:17:30.481	1.16739	1.16739			6
2025.10.17	20:17:30.682	1.16737	1.16737			6
2025.10.17	20:17:30.886	1.16736	1.16736			6
2025.10.17	20:17:36.883	1.16735	1.16735			6
2025.10.17	20:17:39.682	1.16736	1.16736			6
2025.10.17	20:17:39.882	1.16735	1.16735			6
2025.10.17	20:17:41.082	1.16734	1.16734			6
2025.10.17	20:17:41.096	1.16735	1.16735			6
2025.10.17	20:17:41.282	1.16734	1.16734			6
2025.10.17	20:17:41.682	1.16735	1.16735			6
2025.10.17	20:17:42.885	1.16731	1.16731			6
2025.10.17	20:17:43.083	1.16730	1.16730			6
2025.10.17	20:17:43.484	1.16731	1.16731			6
2025.10.17	20:17:44.486	1.16732	1.16732			6
2025.10.17	20:17:52.483	1.16731	1.16731			6
2025.10.17	20:17:53.686	1.16732	1.16732			6
2025.10.17	20:17:59.483	1.16734	1.16734			6
2025.10.17	20:17:59.684	1.16735	1.16735			6
2025.10.17	20:18:00.082	1.16734	1.16734			6
2025.10.17	20:18:00.286	1.16736	1.16736			6
2025.10.17	20:18:01.082	1.16735	1.16735			6
2025.10.17	20:18:01.885	1.16736	1.16736			6
2025.10.17	20:18:02.283	1.16737	1.16737			6
2025.10.17	20:18:02.483	1.16738	1.16738			6
2025.10.17	20:18:02.881	1.16736	1.16736			6
2025.10.17	20:18:04.881	1.16735	1.16735			6
2025.10.17	20:18:05.282	1.16737	1.16737			6
2025.10.17	20:18:05.485	1.16738	1.16738			6
2025.10.17	20:18:05.487	1.16739	1.16739			6
2025.10.17	20:18:05.682	1.16738	1.16738			6
2025.10.17	20:18:08.683	1.16737	1.16737			6
2025.10.17	20:18:11.881	1.16735	1.16735			6
2025.10.17	20:18:12.083	1.16734	1.16734			6
2025.10.17	20:18:12.282	1.16733	1.16733			6
2025.10.17	20:18:13.486	1.16734	1.16734			6
2025.10.17	20:18:13.681	1.16733	1.16733			6
2025.10.17	20:18:14.888	1.16734	1.16734			6
2025.10.17	20:18:15.484	1.16736	1.16736			6
2025.10.17	20:18:16.081	1.16735	1.16735			6
2025.10.17	20:18:17.482	1.16733	1.16733			6
2025.10.17	20:18:20.481	1.16734	1.16734			6
2025.10.17	20:18:20.684	1.16735	1.16735			6
2025.10.17	20:18:25.282	1.16734	1.16734			6
2025.10.17	20:18:29.683	1.16733	1.16733			6
2025.10.17	20:18:30.483	1.16734	1.16734			6
2025.10.17	20:18:30.683	1.16736	1.16736			6
2025.10.17	20:18:30.883	1.16738	1.16738			6
2025.10.17	20:18:31.484	1.16739	1.16739			6
2025.10.17	20:18:32.083	1.16740	1.16740			6
2025.10.17	20:18:33.684	1.16741	1.16741			6
2025.10.17	20:18:33.881	1.16742	1.16742			6
2025.10.17	20:18:34.883	1.16741	1.16741			6
2025.10.17	20:18:35.083	1.16742	1.16742			6
2025.10.17	20:18:36.483	1.16741	1.16741			6
2025.10.17	20:18:37.284	1.16745	1.16745			6
2025.10.17	20:18:37.485	1.16744	1.16744			6
2025.10.17	20:18:37.682	1.16743	1.16743			6
2025.10.17	20:18:38.481	1.16744	1.16744			6
2025.10.17	20:18:39.081	1.16745	1.16745			6
2025.10.17	20:18:39.282	1.16742	1.16742			6
2025.10.17	20:18:39.482	1.16743	1.16743			6
2025.10.17	20:18:39.893	1.16744	1.16744			6
2025.10.17	20:18:41.481	1.16745	1.16745			6
2025.10.17	20:18:44.483	1.16744	1.16744			6
2025.10.17	20:18:47.681	1.16743	1.16743			6
2025.10.17	20:18:48.683	1.16744	1.16744			6
2025.10.17	20:18:49.088	1.16743	1.16743			6
2025.10.17	20:18:52.282	1.16744	1.16744			6
2025.10.17	20:18:52.882	1.16742	1.16742			6
2025.10.17	20:18:55.682	1.16741	1.16741			6
2025.10.17	20:18:57.485	1.16743	1.16743			6
2025.10.17	20:18:58.085	1.16742	1.16742			6
2025.10.17	20:18:58.482	1.16741	1.16741			6
2025.10.17	20:18:59.683	1.16740	1.16740			6
2025.10.17	20:19:00.281	1.16740				2
2025.10.17	20:19:00.481	1.16739	1.16739			6
2025.10.17	20:19:00.688	1.16736	1.16736			6
2025.10.17	20:19:01.081	1.16737	1.16737			6
2025.10.17	20:19:04.086	1.16736	1.16736			6
2025.10.17	20:19:04.884	1.16737	1.16737			6
2025.10.17	20:19:08.282	1.16738	1.16738			6
2025.10.17	20:19:08.683	1.16737	1.16737			6
2025.10.17	20:19:08.887	1.16736	1.16736			6
2025.10.17	20:19:10.883	1.16737	1.16737			6
2025.10.17	20:19:11.881	1.16736	1.16736			6
2025.10.17	20:19:18.084	1.16737	1.16737			6
2025.10.17	20:19:19.082	1.16736	1.16736			6
2025.10.17	20:19:23.685	1.16738	1.16738			6
2025.10.17	20:19:44.682	1.16739	1.16739			6
2025.10.17	20:20:01.482	1.16739				2
2025.10.17	20:20:02.482	1.16740	1.16740			6
2025.10.17	20:20:02.488	1.16741	1.16741			6
2025.10.17	20:20:02.682	1.16742	1.16742			6
2025.10.17	20:20:03.489	1.16741	1.16741			6
2025.10.17	20:20:03.888	1.16742	1.16742			6
2025.10.17	20:20:04.283	1.16741	1.16741			6
2025.10.17	20:20:05.081	1.16740	1.16740			6
2025.10.17	20:20:28.283	1.16741	1.16741			6
2025.10.17	20:20:28.682	1.16740	1.16740			6
2025.10.17	20:20:28.881	1.16741	1.16741			6
2025.10.17	20:20:29.887	1.16742	1.16742			6
2025.10.17	20:20:30.084	1.16741	1.16741			6
2025.10.17	20:20:31.082	1.16744	1.16744			6
2025.10.17	20:20:31.282	1.16746	1.16746			6
2025.10.17	20:20:34.081	1.16747	1.16747			6
2025.10.17	20:20:34.281	1.16745	1.16745			6
2025.10.17	20:20:40.882	1.16744	1.16744			6
2025.10.17	20:20:41.081	1.16745	1.16745			6
2025.10.17	20:20:43.681	1.16746	1.16746			6
2025.10.17	20:20:44.282	1.16745	1.16745			6
2025.10.17	20:20:44.483	1.16746	1.16746			6
2025.10.17	20:20:46.491	1.16744	1.16744			6
2025.10.17	20:20:46.683	1.16745	1.16745			6
2025.10.17	20:20:49.282	1.16746	1.16746			6
2025.10.17	20:20:49.491	1.16745	1.16745			6
2025.10.17	20:20:50.083	1.16746	1.16746			6
2025.10.17	20:20:50.682	1.16745	1.16745			6
2025.10.17	20:20:51.889	1.16743	1.16743			6
2025.10.17	20:20:52.283	1.16744	1.16744			6
2025.10.17	20:20:53.682	1.16743	1.16743			6
2025.10.17	20:20:53.883	1.16742	1.16742			6
2025.10.17	20:20:54.284	1.16741	1.16741			6
2025.10.17	20:20:54.682	1.16742	1.16742			6
2025.10.17	20:20:54.882	1.16743	1.16743			6
2025.10.17	20:20:55.285	1.16742	1.16742			6
2025.10.17	20:20:55.887	1.16743	1.16743			6
2025.10.17	20:21:02.684	1.16741	1.16741			6
2025.10.17	20:21:04.884	1.16742	1.16742			6
2025.10.17	20:21:07.683	1.16744	1.16744			6
2025.10.17	20:21:08.483	1.16743	1.16743			6
2025.10.17	20:21:13.081	1.16740	1.16740			6
2025.10.17	20:21:15.083	1.16741	1.16741			6
2025.10.17	20:21:15.282	1.16740	1.16740			6
2025.10.17	20:21:16.883	1.16737	1.16737			6
2025.10.17	20:21:17.082	1.16738	1.16738			6
2025.10.17	20:21:18.287	1.16737	1.16737			6
2025.10.17	20:21:18.682	1.16736	1.16736			6
2025.10.17	20:21:18.887	1.16737	1.16737			6
2025.10.17	20:21:19.683	1.16736	1.16736			6
2025.10.17	20:21:19.883	1.16737	1.16737			6
2025.10.17	20:21:20.090	1.16736	1.16736			6
2025.10.17	20:21:21.282	1.16737	1.16737			6
2025.10.17	20:21:21.488	1.16736	1.16736			6
2025.10.17	20:21:24.084	1.16737	1.16737			6
2025.10.17	20:21:24.282	1.16736	1.16736			6
2025.10.17	20:21:25.683	1.16735	1.16735			6
2025.10.17	20:21:25.883	1.16736	1.16736			6
2025.10.17	20:21:27.483	1.16735	1.16735			6
2025.10.17	20:21:29.086	1.16736	1.16736			6
2025.10.17	20:21:29.683	1.16737	1.16737			6
2025.10.17	20:21:29.887	1.16736	1.16736			6
2025.10.17	20:21:30.483	1.16739	1.16739			6
2025.10.17	20:21:32.682	1.16738	1.16738			6
2025.10.17	20:21:34.082	1.16739	1.16739			6
2025.10.17	20:21:34.482	1.16738	1.16738			6
2025.10.17	20:21:36.883	1.16736	1.16736			6
2025.10.17	20:21:37.082	1.16737	1.16737			6
2025.10.17	20:21:39.682	1.16738	1.16738			6
2025.10.17	20:21:43.886	1.16739	1.16739			6
2025.10.17	20:21:44.283	1.16738	1.16738			6
2025.10.17	20:21:46.884	1.16739	1.16739			6
2025.10.17	20:21:48.883	1.16738	1.16738			6
2025.10.17	20:21:49.887	1.16739	1.16739			6
2025.10.17	20:21:58.082	1.16738	1.16738			6
2025.10.17	20:21:59.484	1.16737	1.16737			6
2025.10.17	20:22:00.082	1.16737				2
2025.10.17	20:22:00.282	1.16739	1.16739			6
2025.10.17	20:22:01.283	1.16738	1.16738			6
2025.10.17	20:22:02.287	1.16739	1.16739			6
2025.10.17	20:22:02.482	1.16744	1.16744			6
2025.10.17	20:22:04.283	1.16745	1.16745			6
2025.10.17	20:22:04.682	1.16746	1.16746			6
2025.10.17	20:22:08.482	1.16745	1.16745			6
2025.10.17	20:22:10.283	1.16746	1.16746			6
2025.10.17	20:22:12.484	1.16745	1.16745			6
2025.10.17	20:22:12.683	1.16746	1.16746			6
2025.10.17	20:22:22.883	1.16744	1.16744			6
2025.10.17	20:22:25.483	1.16745	1.16745			6
2025.10.17	20:22:27.681	1.16744	1.16744			6
2025.10.17	20:22:27.885	1.16745	1.16745			6
2025.10.17	20:22:30.483	1.16743	1.16743			6
2025.10.17	20:22:30.684	1.16744	1.16744			6
2025.10.17	20:22:30.885	1.16743	1.16743			6
2025.10.17	20:22:31.883	1.16742	1.16742			6
2025.10.17	20:22:32.282	1.16743	1.16743			6
2025.10.17	20:22:35.087	1.16744	1.16744			6
2025.10.17	20:22:35.281	1.16743	1.16743			6
2025.10.17	20:22:38.283	1.16742	1.16742			6
2025.10.17	20:22:39.083	1.16743	1.16743			6
2025.10.17	20:22:39.885	1.16742	1.16742			6
2025.10.17	20:22:40.084	1.16744	1.16744			6
2025.10.17	20:22:41.286	1.16739	1.16739			6
2025.10.17	20:22:41.481	1.16740	1.16740			6
2025.10.17	20:22:42.082	1.16741	1.16741			6
2025.10.17	20:22:50.482	1.16744	1.16744			6
2025.10.17	20:22:50.681	1.16741	1.16741			6
2025.10.17	20:22:59.483	1.16742	1.16742			6
2025.10.17	20:22:59.684	1.16743	1.16743			6
2025.10.17	20:23:00.082	1.16742	1.16742			6
2025.10.17	20:23:00.685	1.16743	1.16743			6
2025.10.17	20:23:03.088	1.16744	1.16744			6
2025.10.17	20:23:07.486	1.16743	1.16743			6
2025.10.17	20:23:07.883	1.16745	1.16745			6
2025.10.17	20:23:08.088	1.16744	1.16744			6
2025.10.17	20:23:08.882	1.16750	1.16750			6
2025.10.17	20:23:09.082	1.16751	1.16751			6
2025.10.17	20:23:10.083	1.16750	1.16750			6
2025.10.17	20:23:10.483	1.16751	1.16751			6
2025.10.17	20:23:10.684	1.16750	1.16750			6
2025.10.17	20:23:11.284	1.16751	1.16751			6
2025.10.17	20:23:11.484	1.16750	1.16750			6
2025.10.17	20:23:12.284	1.16751	1.16751			6
2025.10.17	20:23:12.684	1.16750	1.16750			6
2025.10.17	20:23:13.090	1.16751	1.16751			6
2025.10.17	20:23:14.884	1.16750	1.16750			6
2025.10.17	20:23:15.083	1.16751	1.16751			6
2025.10.17	20:23:26.688	1.16750	1.16750			6
2025.10.17	20:23:26.881	1.16751	1.16751			6
2025.10.17	20:23:27.285	1.16750	1.16750			6
2025.10.17	20:23:27.881	1.16749	1.16749			6
2025.10.17	20:23:30.280	1.16747	1.16747			6
2025.10.17	20:23:30.682	1.16748	1.16748			6
2025.10.17	20:23:31.481	1.16747	1.16747			6
2025.10.17	20:23:31.685	1.16746	1.16746			6
2025.10.17	20:23:36.081	1.16745	1.16745			6
2025.10.17	20:23:39.283	1.16746	1.16746			6
2025.10.17	20:23:39.885	1.16745	1.16745			6
2025.10.17	20:23:40.883	1.16746	1.16746			6
2025.10.17	20:23:43.482	1.16745	1.16745			6
2025.10.17	20:23:43.885	1.16746	1.16746			6
2025.10.17	20:23:44.083	1.16745	1.16745			6
2025.10.17	20:23:44.886	1.16746	1.16746			6
2025.10.17	20:23:46.482	1.16745	1.16745			6
2025.10.17	20:23:46.883	1.16746	1.16746			6
2025.10.17	20:23:47.482	1.16745	1.16745			6
2025.10.17	20:23:47.881	1.16744	1.16744			6
2025.10.17	20:23:48.482	1.16745	1.16745			6
2025.10.17	20:23:51.084	1.16744	1.16744			6
2025.10.17	20:23:51.483	1.16741	1.16741			6
2025.10.17	20:23:51.491	1.16742	1.16742			6
2025.10.17	20:23:51.682	1.16743	1.16743			6
2025.10.17	20:23:54.683	1.16744	1.16744			6
2025.10.17	20:23:54.892	1.16743	1.16743			6
2025.10.17	20:23:56.084	1.16744	1.16744			6
2025.10.17	20:23:56.684	1.16743	1.16743			6
2025.10.17	20:23:56.883	1.16742	1.16742			6
2025.10.17	20:23:57.482	1.16741	1.16741			6
2025.10.17	20:24:00.285	1.16741				2
2025.10.17	20:24:00.483	1.16740	1.16740			6
2025.10.17	20:24:03.282	1.16739	1.16739			6
2025.10.17	20:24:03.684	1.16738	1.16738			6
2025.10.17	20:24:06.882	1.16740	1.16740			6
2025.10.17	20:24:07.483	1.16739	1.16739			6
2025.10.17	20:24:07.883	1.16738	1.16738			6
2025.10.17	20:24:17.483	1.16740	1.16740			6
2025.10.17	20:24:21.482	1.16738	1.16738			6
2025.10.17	20:24:26.883	1.16737	1.16737			6
2025.10.17	20:24:27.084	1.16736	1.16736			6
2025.10.17	20:24:27.896	1.16737	1.16737			6
2025.10.17	20:24:28.682	1.16736	1.16736			6
2025.10.17	20:24:30.082	1.16734	1.16734			6
2025.10.17	20:24:30.285	1.16735	1.16735			6
2025.10.17	20:24:30.682	1.16734	1.16734			6
2025.10.17	20:24:30.882	1.16736	1.16736			6
2025.10.17	20:24:31.682	1.16738	1.16738			6
2025.10.17	20:24:33.485	1.16743	1.16743			6
2025.10.17	20:24:33.887	1.16744	1.16744			6
2025.10.17	20:24:34.084	1.16743	1.16743			6
2025.10.17	20:24:34.685	1.16744	1.16744			6
2025.10.17	20:24:35.481	1.16743	1.16743			6
2025.10.17	20:24:36.684	1.16741	1.16741			6
2025.10.17	20:24:37.482	1.16742	1.16742			6
2025.10.17	20:24:37.687	1.16741	1.16741			6
2025.10.17	20:24:37.881	1.16740	1.16740			6
2025.10.17	20:24:42.688	1.16741	1.16741			6
2025.10.17	20:24:43.081	1.16740	1.16740			6
2025.10.17	20:24:43.282	1.16741	1.16741			6
2025.10.17	20:24:44.682	1.16739	1.16739			6
2025.10.17	20:24:47.483	1.16740	1.16740			6
2025.10.17	20:24:47.889	1.16739	1.16739			6
2025.10.17	20:24:48.281	1.16738	1.16738			6
2025.10.17	20:24:51.883	1.16739	1.16739			6
2025.10.17	20:24:52.083	1.16738	1.16738			6
2025.10.17	20:24:52.281	1.16737	1.16737			6
2025.10.17	20:24:52.485	1.16735	1.16735			6
2025.10.17	20:24:52.883	1.16736	1.16736			6
2025.10.17	20:24:54.283	1.16735	1.16735			6
2025.10.17	20:24:55.090	1.16736	1.16736			6
2025.10.17	20:24:57.083	1.16735	1.16735			6
2025.10.17	20:24:59.082	1.16736	1.16736			6
2025.10.17	20:24:59.683	1.16735	1.16735			6
2025.10.17	20:25:00.088	1.16736	1.16736			6
2025.10.17	20:25:00.281	1.16735	1.16735			6
2025.10.17	20:25:01.083	1.16736	1.16736			6
2025.10.17	20:25:01.284	1.16735	1.16735			6
2025.10.17	20:25:01.483	1.16736	1.16736			6
2025.10.17	20:25:02.083	1.16735	1.16735			6
2025.10.17	20:25:02.284	1.16734	1.16734			6
2025.10.17	20:25:02.683	1.16735	1.16735			6
2025.10.17	20:25:02.882	1.16734	1.16734			6
2025.10.17	20:25:04.084	1.16735	1.16735			6
2025.10.17	20:25:04.284	1.16734	1.16734			6
2025.10.17	20:25:05.084	1.16735	1.16735			6
2025.10.17	20:25:05.283	1.16734	1.16734			6
2025.10.17	20:25:08.282	1.16735	1.16735			6
2025.10.17	20:25:08.691	1.16734	1.16734			6
2025.10.17	20:25:09.081	1.16735	1.16735			6
2025.10.17	20:25:09.882	1.16734	1.16734			6
2025.10.17	20:25:10.082	1.16735	1.16735			6
2025.10.17	20:25:10.484	1.16734	1.16734			6
2025.10.17	20:25:11.084	1.16736	1.16736			6
2025.10.17	20:25:11.086	1.16737	1.16737			6
2025.10.17	20:25:11.283	1.16736	1.16736			6
2025.10.17	20:25:18.288	1.16735	1.16735			6
2025.10.17	20:25:23.084	1.16734	1.16734			6
2025.10.17	20:25:31.287	1.16735	1.16735			6
2025.10.17	20:25:31.484	1.16736	1.16736			6
2025.10.17	20:25:32.887	1.16735	1.16735			6
2025.10.17	20:25:33.281	1.16736	1.16736			6
2025.10.17	20:25:40.082	1.16734	1.16734			6
2025.10.17	20:25:40.881	1.16736	1.16736			6
2025.10.17	20:25:41.081	1.16735	1.16735			6
2025.10.17	20:25:41.884	1.16734	1.16734			6
2025.10.17	20:25:42.082	1.16735	1.16735			6
2025.10.17	20:25:42.489	1.16734	1.16734			6
2025.10.17	20:25:43.081	1.16735	1.16735			6
2025.10.17	20:25:43.281	1.16734	1.16734			6
2025.10.17	20:25:43.681	1.16735	1.16735			6
2025.10.17	20:25:44.083	1.16734	1.16734			6
2025.10.17	20:25:44.483	1.16735	1.16735			6
2025.10.17	20:25:45.484	1.16736	1.16736			6
2025.10.17	20:25:47.282	1.16737	1.16737			6
2025.10.17	20:25:47.880	1.16738	1.16738			6
2025.10.17	20:25:48.084	1.16736	1.16736			6
2025.10.17	20:25:49.082	1.16738	1.16738			6
2025.10.17	20:25:49.483	1.16737	1.16737			6
2025.10.17	20:25:50.484	1.16735	1.16735			6
2025.10.17	20:25:52.287	1.16734	1.16734			6
2025.10.17	20:25:52.483	1.16735	1.16735			6
2025.10.17	20:25:53.481	1.16734	1.16734			6
2025.10.17	20:25:55.482	1.16735	1.16735			6
2025.10.17	20:25:55.882	1.16734	1.16734			6
2025.10.17	20:25:56.683	1.16735	1.16735			6
2025.10.17	20:25:57.682	1.16737	1.16737			6
2025.10.17	20:25:57.882	1.16738	1.16738			6
2025.10.17	20:25:58.883	1.16739	1.16739			6
2025.10.17	20:26:00.283	1.16737	1.16737			6
2025.10.17	20:26:00.684	1.16738	1.16738			6
2025.10.17	20:26:00.882	1.16739	1.16739			6
2025.10.17	20:26:01.683	1.16740	1.16740			6
2025.10.17	20:26:01.884	1.16739	1.16739			6
2025.10.17	20:26:02.286	1.16740	1.16740			6
2025.10.17	20:26:02.486	1.16738	1.16738			6
2025.10.17	20:26:02.686	1.16736	1.16736			6
2025.10.17	20:26:03.083	1.16737	1.16737			6
2025.10.17	20:26:06.284	1.16738	1.16738			6
2025.10.17	20:26:13.089	1.16740	1.16740			6
2025.10.17	20:26:13.283	1.16739	1.16739			6
2025.10.17	20:26:14.682	1.16738	1.16738			6
2025.10.17	20:26:18.082	1.16739	1.16739			6
2025.10.17	20:26:18.285	1.16737	1.16737			6
2025.10.17	20:26:18.885	1.16738	1.16738			6
2025.10.17	20:26:19.083	1.16739	1.16739			6
2025.10.17	20:26:19.284	1.16738	1.16738			6
2025.10.17	20:26:19.681	1.16739	1.16739			6
2025.10.17	20:26:19.883	1.16738	1.16738			6
2025.10.17	20:26:20.082	1.16739	1.16739			6
2025.10.17	20:26:20.690	1.16738	1.16738			6
2025.10.17	20:26:22.084	1.16739	1.16739			6
2025.10.17	20:26:25.086	1.16738	1.16738			6
2025.10.17	20:26:25.285	1.16739	1.16739			6
2025.10.17	20:26:25.682	1.16738	1.16738			6
2025.10.17	20:26:27.687	1.16739	1.16739			6
2025.10.17	20:26:29.886	1.16738	1.16738			6
2025.10.17	20:26:31.089	1.16739	1.16739			6
2025.10.17	20:26:31.884	1.16738	1.16738			6
2025.10.17	20:26:32.282	1.16737	1.16737			6
2025.10.17	20:26:33.281	1.16738	1.16738			6
2025.10.17	20:26:35.885	1.16739	1.16739			6
2025.10.17	20:26:36.085	1.16738	1.16738			6
2025.10.17	20:26:40.082	1.16737	1.16737			6
2025.10.17	20:26:40.884	1.16738	1.16738			6
2025.10.17	20:26:47.881	1.16737	1.16737			6
2025.10.17	20:26:48.081	1.16738	1.16738			6
2025.10.17	20:26:52.082	1.16740	1.16740			6
2025.10.17	20:26:56.882	1.16741	1.16741			6
2025.10.17	20:26:57.681	1.16742	1.16742			6
2025.10.17	20:26:59.882	1.16740	1.16740			6
2025.10.17	20:27:00.682	1.16740				2
2025.10.17	20:27:02.283	1.16738	1.16738			6
2025.10.17	20:27:02.883	1.16737	1.16737			6
2025.10.17	20:27:06.087	1.16736	1.16736			6
2025.10.17	20:27:10.484	1.16734	1.16734			6
2025.10.17	20:27:10.683	1.16735	1.16735			6
2025.10.17	20:27:12.682	1.16734	1.16734			6
2025.10.17	20:27:13.900	1.16733	1.16733			6
2025.10.17	20:27:14.086	1.16734	1.16734			6
2025.10.17	20:27:15.887	1.16732	1.16732			6
2025.10.17	20:27:16.081	1.16733	1.16733			6
2025.10.17	20:27:23.081	1.16734	1.16734			6
2025.10.17	20:27:24.084	1.16733	1.16733			6
2025.10.17	20:27:25.083	1.16732	1.16732			6
2025.10.17	20:27:26.284	1.16733	1.16733			6
2025.10.17	20:27:26.288	1.16734	1.16734			6
2025.10.17	20:27:26.882	1.16733	1.16733			6
2025.10.17	20:27:27.286	1.16731	1.16731			6
2025.10.17	20:27:41.483	1.16732	1.16732			6
2025.10.17	20:27:41.684	1.16730	1.16730			6
2025.10.17	20:27:42.485	1.16732	1.16732			6
2025.10.17	20:27:46.083	1.16733	1.16733			6
2025.10.17	20:27:47.085	1.16732	1.16732			6
2025.10.17	20:27:47.282	1.16733	1.16733			6
2025.10.17	20:27:50.082	1.16734	1.16734			6
2025.10.17	20:27:54.687	1.16735	1.16735			6
2025.10.17	20:27:55.086	1.16734	1.16734			6
2025.10.17	20:27:56.284	1.16731	1.16731			6
2025.10.17	20:27:56.884	1.16732	1.16732			6
2025.10.17	20:27:59.488	1.16731	1.16731			6
2025.10.17	20:28:01.481	1.16733	1.16733			6
2025.10.17	20:28:01.682	1.16732	1.16732			6
2025.10.17	20:28:02.483	1.16733	1.16733			6
2025.10.17	20:28:02.683	1.16734	1.16734			6
2025.10.17	20:28:03.883	1.16732	1.16732			6
2025.10.17	20:28:04.281	1.16733	1.16733			6
2025.10.17	20:28:14.281	1.16732	1.16732			6
2025.10.17	20:28:14.483	1.16733	1.16733			6
2025.10.17	20:28:17.483	1.16732	1.16732			6
2025.10.17	20:28:17.685	1.16733	1.16733			6
2025.10.17	20:28:19.289	1.16736	1.16736			6
2025.10.17	20:28:20.085	1.16735	1.16735			6
2025.10.17	20:28:21.482	1.16736	1.16736			6
2025.10.17	20:28:29.487	1.16737	1.16737			6
2025.10.17	20:28:31.288	1.16736	1.16736			6
2025.10.17	20:28:39.284	1.16732	1.16732			6
2025.10.17	20:28:52.287	1.16734	1.16734			6
2025.10.17	20:28:52.482	1.16735	1.16735			6
2025.10.17	20:28:54.882	1.16736	1.16736			6
2025.10.17	20:28:54.894	1.16735	1.16735			6
2025.10.17	20:28:55.485	1.16736	1.16736			6
2025.10.17	20:28:58.882	1.16735	1.16735			6
2025.10.17	20:29:01.081	1.16733	1.16733			6
2025.10.17	20:29:01.682	1.16734	1.16734			6
2025.10.17	20:29:02.482	1.16732	1.16732			6
2025.10.17	20:29:05.083	1.16733	1.16733			6
2025.10.17	20:29:05.284	1.16732	1.16732			6
2025.10.17	20:29:34.083	1.16733	1.16733			6
2025.10.17	20:29:34.285	1.16732	1.16732			6
2025.10.17	20:29:34.484	1.16731	1.16731			6
2025.10.17	20:29:36.684	1.16732	1.16732			6
2025.10.17	20:29:39.888	1.16733	1.16733			6
2025.10.17	20:29:41.080	1.16732	1.16732			6
2025.10.17	20:29:41.282	1.16731	1.16731			6
2025.10.17	20:29:41.885	1.16732	1.16732			6
2025.10.17	20:29:42.281	1.16731	1.16731			6
2025.10.17	20:29:46.082	1.16730	1.16730			6
2025.10.17	20:29:46.481	1.16731	1.16731			6
2025.10.17	20:29:49.685	1.16732	1.16732			6
2025.10.17	20:29:50.683	1.16730	1.16730			6
2025.10.17	20:29:51.084	1.16729	1.16729			6
2025.10.17	20:29:51.280	1.16727	1.16727			6
2025.10.17	20:29:51.882	1.16725	1.16725			6
2025.10.17	20:29:54.284	1.16729	1.16729			6
2025.10.17	20:29:54.680	1.16728	1.16728			6
2025.10.17	20:29:56.282	1.16729	1.16729			6
2025.10.17	20:29:56.286	1.16728	1.16728			6
2025.10.17	20:29:58.082	1.16730	1.16730			6
2025.10.17	20:29:58.282	1.16731	1.16731			6
2025.10.17	20:30:00.083	1.16733	1.16733			6
2025.10.17	20:30:00.283	1.16735	1.16735			6
2025.10.17	20:30:00.483	1.16732	1.16732			6
2025.10.17	20:30:00.491	1.16731	1.16731			6
2025.10.17	20:30:01.682	1.16732	1.16732			6
2025.10.17	20:30:02.093	1.16733	1.16733			6
2025.10.17	20:30:02.282	1.16735	1.16735			6
2025.10.17	20:30:02.683	1.16734	1.16734			6
2025.10.17	20:30:03.286	1.16731	1.16731			6
2025.10.17	20:30:03.483	1.16730	1.16730			6
2025.10.17	20:30:04.882	1.16729	1.16729			6
2025.10.17	20:30:06.681	1.16730	1.16730			6
2025.10.17	20:30:07.085	1.16729	1.16729			6
2025.10.17	20:30:07.282	1.16728	1.16728			6
2025.10.17	20:30:09.084	1.16727	1.16727			6
2025.10.17	20:30:09.282	1.16728	1.16728			6
2025.10.17	20:30:10.687	1.16726	1.16726			6
2025.10.17	20:30:12.482	1.16725	1.16725			6
2025.10.17	20:30:12.684	1.16726	1.16726			6
2025.10.17	20:30:13.088	1.16727	1.16727			6
2025.10.17	20:30:14.282	1.16728	1.16728			6
2025.10.17	20:30:14.483	1.16729	1.16729			6
2025.10.17	20:30:16.483	1.16728	1.16728			6
2025.10.17	20:30:16.683	1.16729	1.16729			6
2025.10.17	20:30:17.885	1.16730	1.16730			6
2025.10.17	20:30:18.481	1.16729	1.16729			6
2025.10.17	20:30:19.485	1.16730	1.16730			6
2025.10.17	20:30:19.684	1.16731	1.16731			6
2025.10.17	20:30:19.887	1.16732	1.16732			6
2025.10.17	20:30:23.281	1.16733	1.16733			6
2025.10.17	20:30:24.287	1.16732	1.16732			6
2025.10.17	20:30:25.685	1.16731	1.16731			6
2025.10.17	20:30:25.884	1.16730	1.16730			6
2025.10.17	20:30:26.283	1.16728	1.16728			6
2025.10.17	20:30:26.882	1.16724	1.16724			6
2025.10.17	20:30:27.085	1.16722	1.16722			6
2025.10.17	20:30:27.683	1.16724	1.16724			6
2025.10.17	20:30:27.886	1.16723	1.16723			6
2025.10.17	20:30:32.483	1.16724	1.16724			6
2025.10.17	20:30:33.086	1.16726	1.16726			6
2025.10.17	20:30:33.281	1.16725	1.16725			6
2025.10.17	20:30:34.081	1.16728	1.16728			6
2025.10.17	20:30:34.882	1.16729	1.16729			6
2025.10.17	20:30:35.482	1.16730	1.16730			6
2025.10.17	20:30:36.486	1.16731	1.16731			6
2025.10.17	20:30:36.684	1.16732	1.16732			6
2025.10.17	20:30:36.887	1.16733	1.16733			6
2025.10.17	20:30:37.084	1.16734	1.16734			6
2025.10.17	20:30:37.482	1.16732	1.16732			6
2025.10.17	20:30:39.284	1.16733	1.16733			6
2025.10.17	20:30:39.683	1.16734	1.16734			6
2025.10.17	20:30:40.483	1.16733	1.16733			6
2025.10.17	20:30:41.086	1.16731	1.16731			6
2025.10.17	20:30:41.282	1.16732	1.16732			6
2025.10.17	20:30:42.291	1.16730	1.16730			6
2025.10.17	20:30:42.683	1.16729	1.16729			6
2025.10.17	20:30:47.882	1.16730	1.16730			6
2025.10.17	20:30:51.686	1.16729	1.16729			6
2025.10.17	20:30:51.881	1.16730	1.16730			6
2025.10.17	20:30:53.681	1.16731	1.16731			6
2025.10.17	20:31:01.089	1.16733	1.16733			6
2025.10.17	20:31:01.282	1.16732	1.16732			6
2025.10.17	20:31:06.683	1.16734	1.16734			6
2025.10.17	20:31:07.084	1.16735	1.16735			6
2025.10.17	20:31:08.883	1.16737	1.16737			6
2025.10.17	20:31:11.081	1.16733	1.16733			6
2025.10.17	20:31:11.286	1.16732	1.16732			6
2025.10.17	20:31:12.686	1.16731	1.16731			6
2025.10.17	20:31:12.883	1.16730	1.16730			6
2025.10.17	20:31:13.883	1.16731	1.16731			6
2025.10.17	20:31:14.281	1.16729	1.16729			6
2025.10.17	20:31:14.288	1.16728	1.16728			6
2025.10.17	20:31:14.482	1.16726	1.16726			6
2025.10.17	20:31:15.884	1.16728	1.16728			6
2025.10.17	20:31:15.887	1.16727	1.16727			6
2025.10.17	20:31:16.082	1.16726	1.16726			6
2025.10.17	20:31:19.883	1.16723	1.16723			6
2025.10.17	20:31:20.283	1.16722	1.16722			6
2025.10.17	20:31:20.483	1.16723	1.16723			6
2025.10.17	20:31:21.683	1.16720	1.16720			6
2025.10.17	20:31:22.082	1.16719	1.16719			6
2025.10.17	20:31:22.282	1.16720	1.16720			6
2025.10.17	20:31:23.085	1.16719	1.16719			6
2025.10.17	20:31:24.881	1.16720	1.16720			6
2025.10.17	20:31:27.487	1.16719	1.16719			6
2025.10.17	20:31:29.683	1.16720	1.16720			6
2025.10.17	20:31:29.882	1.16719	1.16719			6
2025.10.17	20:31:32.287	1.16720	1.16720			6
2025.10.17	20:31:33.085	1.16721	1.16721			6
2025.10.17	20:31:35.282	1.16719	1.16719			6
2025.10.17	20:31:36.282	1.16720	1.16720			6
2025.10.17	20:31:37.884	1.16721	1.16721			6
2025.10.17	20:31:38.090	1.16725	1.16725			6
2025.10.17	20:31:38.483	1.16724	1.16724			6
2025.10.17	20:31:39.687	1.16725	1.16725			6
2025.10.17	20:31:40.084	1.16724	1.16724			6
2025.10.17	20:31:40.882	1.16725	1.16725			6
2025.10.17	20:31:41.687	1.16724	1.16724			6
2025.10.17	20:31:48.282	1.16725	1.16725			6
2025.10.17	20:31:48.683	1.16724	1.16724			6
2025.10.17	20:31:52.282	1.16725	1.16725			6
2025.10.17	20:31:52.681	1.16724	1.16724			6
2025.10.17	20:31:53.682	1.16721	1.16721			6
2025.10.17	20:31:53.885	1.16723	1.16723			6
2025.10.17	20:31:56.282	1.16724	1.16724			6
2025.10.17	20:31:57.681	1.16723	1.16723			6
2025.10.17	20:32:00.482	1.16724	1.16724			6
2025.10.17	20:32:00.888	1.16723	1.16723			6
2025.10.17	20:32:03.082	1.16724	1.16724			6
2025.10.17	20:32:05.087	1.16723	1.16723			6
2025.10.17	20:32:06.481	1.16722	1.16722			6
2025.10.17	20:32:06.886	1.16723	1.16723			6
2025.10.17	20:32:12.683	1.16722	1.16722			6
2025.10.17	20:32:13.081	1.16723	1.16723			6
2025.10.17	20:32:18.284	1.16724	1.16724			6
2025.10.17	20:32:20.285	1.16723	1.16723			6
2025.10.17	20:32:20.683	1.16725	1.16725			6
2025.10.17	20:32:22.085	1.16726	1.16726			6
2025.10.17	20:32:26.289	1.16725	1.16725			6
2025.10.17	20:32:27.087	1.16724	1.16724			6
2025.10.17	20:32:27.883	1.16723	1.16723			6
2025.10.17	20:32:34.682	1.16724	1.16724			6
2025.10.17	20:32:34.883	1.16726	1.16726			6
2025.10.17	20:32:37.483	1.16723	1.16723			6
2025.10.17	20:32:38.088	1.16724	1.16724			6
2025.10.17	20:32:38.684	1.16722	1.16722			6
2025.10.17	20:32:39.082	1.16721	1.16721			6
2025.10.17	20:32:41.681	1.16722	1.16722			6
2025.10.17	20:32:41.884	1.16721	1.16721			6
2025.10.17	20:32:42.682	1.16726	1.16726			6
2025.10.17	20:32:42.888	1.16725	1.16725			6
2025.10.17	20:32:45.282	1.16726	1.16726			6
2025.10.17	20:32:54.081	1.16727	1.16727			6
2025.10.17	20:32:54.282	1.16726	1.16726			6
2025.10.17	20:32:59.283	1.16721	1.16721			6
2025.10.17	20:33:00.481	1.16718	1.16718			6
2025.10.17	20:33:00.681	1.16719	1.16719			6
2025.10.17	20:33:09.483	1.16720	1.16720			6
2025.10.17	20:33:11.685	1.16721	1.16721			6
2025.10.17	20:33:13.483	1.16720	1.16720			6
2025.10.17	20:33:16.681	1.16721	1.16721			6
2025.10.17	20:33:20.683	1.16719	1.16719			6
2025.10.17	20:33:20.883	1.16720	1.16720			6
2025.10.17	20:33:21.282	1.16719	1.16719			6
2025.10.17	20:33:21.681	1.16718	1.16718			6
2025.10.17	20:33:21.883	1.16723	1.16723			6
2025.10.17	20:33:22.681	1.16722	1.16722			6
2025.10.17	20:33:22.884	1.16721	1.16721			6
2025.10.17	20:33:23.881	1.16722	1.16722			6
2025.10.17	20:33:24.083	1.16723	1.16723			6
2025.10.17	20:33:27.083	1.16722	1.16722			6
2025.10.17	20:33:29.282	1.16723	1.16723			6
2025.10.17	20:33:31.286	1.16722	1.16722			6
2025.10.17	20:33:31.488	1.16723	1.16723			6
2025.10.17	20:33:34.481	1.16724	1.16724			6
2025.10.17	20:33:36.083	1.16725	1.16725			6
2025.10.17	20:33:36.285	1.16726	1.16726			6
2025.10.17	20:33:43.882	1.16727	1.16727			6
2025.10.17	20:33:47.084	1.16726	1.16726			6
2025.10.17	20:33:48.882	1.16725	1.16725			6
2025.10.17	20:33:49.082	1.16726	1.16726			6
2025.10.17	20:33:50.083	1.16725	1.16725			6
2025.10.17	20:33:51.282	1.16724	1.16724			6
2025.10.17	20:33:51.482	1.16726	1.16726			6
2025.10.17	20:34:00.484	1.16726				2
2025.10.17	20:34:00.688	1.16725	1.16725			6
2025.10.17	20:34:01.085	1.16726	1.16726			6
2025.10.17	20:34:02.281	1.16725	1.16725			6
2025.10.17	20:34:06.884	1.16726	1.16726			6
2025.10.17	20:34:13.682	1.16725	1.16725			6
2025.10.17	20:34:13.886	1.16726	1.16726			6
2025.10.17	20:34:18.081	1.16725	1.16725			6
2025.10.17	20:34:18.685	1.16724	1.16724			6
2025.10.17	20:34:22.282	1.16725	1.16725			6
2025.10.17	20:34:22.483	1.16724	1.16724			6
2025.10.17	20:34:22.883	1.16725	1.16725			6
2025.10.17	20:34:23.282	1.16724	1.16724			6
2025.10.17	20:34:27.083	1.16725	1.16725			6
2025.10.17	20:34:27.282	1.16724	1.16724			6
2025.10.17	20:34:27.482	1.16725	1.16725			6
2025.10.17	20:34:30.081	1.16724	1.16724			6
2025.10.17	20:34:31.689	1.16732	1.16732			6
2025.10.17	20:34:32.882	1.16733	1.16733			6
2025.10.17	20:34:40.486	1.16732	1.16732			6
2025.10.17	20:34:40.683	1.16733	1.16733			6
2025.10.17	20:34:41.685	1.16734	1.16734			6
2025.10.17	20:34:43.083	1.16733	1.16733			6
2025.10.17	20:34:43.483	1.16732	1.16732			6
2025.10.17	20:34:43.881	1.16733	1.16733			6
2025.10.17	20:34:44.485	1.16732	1.16732			6
2025.10.17	20:34:47.684	1.16733	1.16733			6
2025.10.17	20:34:48.886	1.16732	1.16732			6
2025.10.17	20:34:55.282	1.16731	1.16731			6
2025.10.17	20:34:56.483	1.16732	1.16732			6
2025.10.17	20:35:00.482	1.16733	1.16733			6
2025.10.17	20:35:02.480	1.16736	1.16736			6
2025.10.17	20:35:02.685	1.16738	1.16738			6
2025.10.17	20:35:03.081	1.16737	1.16737			6
2025.10.17	20:35:03.683	1.16740	1.16740			6
2025.10.17	20:35:03.880	1.16743	1.16743			6
2025.10.17	20:35:05.082	1.16744	1.16744			6
2025.10.17	20:35:06.488	1.16743	1.16743			6
2025.10.17	20:35:07.082	1.16742	1.16742			6
2025.10.17	20:35:09.683	1.16743	1.16743			6
2025.10.17	20:35:11.282	1.16744	1.16744			6
2025.10.17	20:35:12.485	1.16743	1.16743			6
2025.10.17	20:35:13.486	1.16742	1.16742			6
2025.10.17	20:35:14.284	1.16743	1.16743			6
2025.10.17	20:35:17.883	1.16745	1.16745			6
2025.10.17	20:35:18.884	1.16746	1.16746			6
2025.10.17	20:35:19.083	1.16747	1.16747			6
2025.10.17	20:35:26.084	1.16748	1.16748			6
2025.10.17	20:35:26.285	1.16747	1.16747			6
2025.10.17	20:35:26.288	1.16748	1.16748			6
2025.10.17	20:35:28.282	1.16747	1.16747			6
2025.10.17	20:35:29.283	1.16746	1.16746			6
2025.10.17	20:35:34.484	1.16745	1.16745			6
2025.10.17	20:35:48.482	1.16744	1.16744			6
2025.10.17	20:35:54.088	1.16743	1.16743			6
2025.10.17	20:35:54.482	1.16744	1.16744			6
2025.10.17	20:35:54.690	1.16741	1.16741			6
2025.10.17	20:36:02.084	1.16741				2
2025.10.17	20:36:03.281	1.16738	1.16738			6
2025.10.17	20:36:07.884	1.16739	1.16739			6
2025.10.17	20:36:08.882	1.16740	1.16740			6
2025.10.17	20:36:09.287	1.16741	1.16741			6
2025.10.17	20:36:09.681	1.16740	1.16740			6
2025.10.17	20:36:09.882	1.16741	1.16741			6
2025.10.17	20:36:10.083	1.16740	1.16740			6
2025.10.17	20:36:10.482	1.16741	1.16741			6
2025.10.17	20:36:11.087	1.16740	1.16740			6
2025.10.17	20:36:11.281	1.16739	1.16739			6
2025.10.17	20:36:11.682	1.16737	1.16737			6
2025.10.17	20:36:11.882	1.16736	1.16736			6
2025.10.17	20:36:15.481	1.16730	1.16730			6
2025.10.17	20:36:15.883	1.16731	1.16731			6
2025.10.17	20:36:16.481	1.16732	1.16732			6
2025.10.17	20:36:16.884	1.16730	1.16730			6
2025.10.17	20:36:19.282	1.16731	1.16731			6
2025.10.17	20:36:21.082	1.16730	1.16730			6
2025.10.17	20:36:23.291	1.16731	1.16731			6
2025.10.17	20:36:25.087	1.16732	1.16732			6
2025.10.17	20:36:26.688	1.16731	1.16731			6
2025.10.17	20:36:26.891	1.16732	1.16732			6
2025.10.17	20:36:29.283	1.16731	1.16731			6
2025.10.17	20:36:30.084	1.16730	1.16730			6
2025.10.17	20:36:30.283	1.16729	1.16729			6
2025.10.17	20:36:30.481	1.16730	1.16730			6
2025.10.17	20:36:32.082	1.16735	1.16735			6
2025.10.17	20:36:32.283	1.16734	1.16734			6
2025.10.17	20:36:32.887	1.16735	1.16735			6
2025.10.17	20:36:34.683	1.16734	1.16734			6
2025.10.17	20:36:36.084	1.16735	1.16735			6
2025.10.17	20:36:39.081	1.16734	1.16734			6
2025.10.17	20:36:39.282	1.16733	1.16733			6
2025.10.17	20:36:40.682	1.16734	1.16734			6
2025.10.17	20:36:40.883	1.16733	1.16733			6
2025.10.17	20:36:40.890	1.16734	1.16734			6
2025.10.17	20:36:41.687	1.16735	1.16735			6
2025.10.17	20:36:44.081	1.16734	1.16734			6
2025.10.17	20:36:46.483	1.16735	1.16735			6
2025.10.17	20:36:48.483	1.16734	1.16734			6
2025.10.17	20:36:51.484	1.16735	1.16735			6
2025.10.17	20:36:55.089	1.16736	1.16736			6
2025.10.17	20:36:57.289	1.16734	1.16734			6
2025.10.17	20:37:00.684	1.16735	1.16735			6
2025.10.17	20:37:01.082	1.16736	1.16736			6
2025.10.17	20:37:04.882	1.16735	1.16735			6
2025.10.17	20:37:14.682	1.16734	1.16734			6
2025.10.17	20:37:14.886	1.16733	1.16733			6
2025.10.17	20:37:23.282	1.16732	1.16732			6
2025.10.17	20:37:23.480	1.16735	1.16735			6
2025.10.17	20:37:24.882	1.16734	1.16734			6
2025.10.17	20:37:27.283	1.16735	1.16735			6
2025.10.17	20:37:29.283	1.16736	1.16736			6
2025.10.17	20:37:31.283	1.16735	1.16735			6
2025.10.17	20:37:32.482	1.16736	1.16736			6
2025.10.17	20:37:32.684	1.16735	1.16735			6
2025.10.17	20:37:35.683	1.16736	1.16736			6
2025.10.17	20:37:35.883	1.16734	1.16734			6
2025.10.17	20:37:36.284	1.16735	1.16735			6
2025.10.17	20:37:37.884	1.16736	1.16736			6
2025.10.17	20:37:41.692	1.16735	1.16735			6
2025.10.17	20:37:43.884	1.16736	1.16736			6
2025.10.17	20:37:44.082	1.16737	1.16737			6
2025.10.17	20:37:44.281	1.16736	1.16736			6
2025.10.17	20:37:47.084	1.16735	1.16735			6
2025.10.17	20:37:48.285	1.16736	1.16736			6
2025.10.17	20:37:50.286	1.16735	1.16735			6
2025.10.17	20:37:51.882	1.16736	1.16736			6
2025.10.17	20:37:53.288	1.16734	1.16734			6
2025.10.17	20:37:54.890	1.16735	1.16735			6
2025.10.17	20:37:55.082	1.16734	1.16734			6
2025.10.17	20:37:56.483	1.16735	1.16735			6
2025.10.17	20:37:57.689	1.16734	1.16734			6
2025.10.17	20:38:00.084	1.16735	1.16735			6
2025.10.17	20:38:05.686	1.16736	1.16736			6
2025.10.17	20:38:06.082	1.16734	1.16734			6
2025.10.17	20:38:07.092	1.16736	1.16736			6
2025.10.17	20:38:08.081	1.16737	1.16737			6
2025.10.17	20:38:09.081	1.16740	1.16740			6
2025.10.17	20:38:09.483	1.16741	1.16741			6
2025.10.17	20:38:12.482	1.16740	1.16740			6
2025.10.17	20:38:16.884	1.16741	1.16741			6
2025.10.17	20:38:17.082	1.16740	1.16740			6
2025.10.17	20:38:17.681	1.16741	1.16741			6
2025.10.17	20:38:20.483	1.16740	1.16740			6
2025.10.17	20:38:21.885	1.16737	1.16737			6
2025.10.17	20:38:22.883	1.16738	1.16738			6
2025.10.17	20:38:23.484	1.16737	1.16737			6
2025.10.17	20:38:24.886	1.16738	1.16738			6
2025.10.17	20:38:25.682	1.16737	1.16737			6
2025.10.17	20:38:26.886	1.16736	1.16736			6
2025.10.17	20:38:29.882	1.16737	1.16737			6
2025.10.17	20:38:31.483	1.16739	1.16739			6
2025.10.17	20:38:31.885	1.16740	1.16740			6
2025.10.17	20:38:32.883	1.16739	1.16739			6
2025.10.17	20:38:39.484	1.16740	1.16740			6
2025.10.17	20:38:40.283	1.16741	1.16741			6
2025.10.17	20:38:40.882	1.16742	1.16742			6
2025.10.17	20:38:41.089	1.16741	1.16741			6
2025.10.17	20:38:42.083	1.16742	1.16742			6
2025.10.17	20:38:42.282	1.16741	1.16741			6
2025.10.17	20:38:43.482	1.16742	1.16742			6
2025.10.17	20:38:45.083	1.16741	1.16741			6
2025.10.17	20:38:48.483	1.16740	1.16740			6
2025.10.17	20:38:51.485	1.16741	1.16741			6
2025.10.17	20:38:52.883	1.16740	1.16740			6
2025.10.17	20:38:53.881	1.16741	1.16741			6
2025.10.17	20:38:58.484	1.16740	1.16740			6
2025.10.17	20:38:58.684	1.16741	1.16741			6
2025.10.17	20:39:00.282	1.16740	1.16740			6
2025.10.17	20:39:02.883	1.16741	1.16741			6
2025.10.17	20:39:04.286	1.16740	1.16740			6
2025.10.17	20:39:07.292	1.16741	1.16741			6
2025.10.17	20:39:08.682	1.16740	1.16740			6
2025.10.17	20:39:09.890	1.16741	1.16741			6
2025.10.17	20:39:11.083	1.16740	1.16740			6
2025.10.17	20:39:13.882	1.16739	1.16739			6
2025.10.17	20:39:16.683	1.16740	1.16740			6
2025.10.17	20:39:19.885	1.16739	1.16739			6
2025.10.17	20:39:22.684	1.16737	1.16737			6
2025.10.17	20:39:25.283	1.16731	1.16731			6
2025.10.17	20:39:25.684	1.16732	1.16732			6
2025.10.17	20:39:27.685	1.16734	1.16734			6
2025.10.17	20:39:30.683	1.16732	1.16732			6
2025.10.17	20:39:30.881	1.16733	1.16733			6
2025.10.17	20:39:33.082	1.16734	1.16734			6
2025.10.17	20:39:33.481	1.16735	1.16735			6
2025.10.17	20:39:33.488	1.16737	1.16737			6
2025.10.17	20:39:35.686	1.16736	1.16736			6
2025.10.17	20:39:39.482	1.16732	1.16732			6
2025.10.17	20:39:40.686	1.16733	1.16733			6
2025.10.17	20:39:41.286	1.16732	1.16732			6
2025.10.17	20:39:55.084	1.16735	1.16735			6
2025.10.17	20:39:55.288	1.16736	1.16736			6
2025.10.17	20:39:56.882	1.16735	1.16735			6
2025.10.17	20:40:01.085	1.16735				2
2025.10.17	20:40:01.882	1.16736	1.16736			6
2025.10.17	20:40:03.290	1.16737	1.16737			6
2025.10.17	20:40:03.488	1.16740	1.16740			6
2025.10.17	20:40:03.888	1.16741	1.16741			6
2025.10.17	20:40:04.882	1.16742	1.16742			6
2025.10.17	20:40:06.084	1.16741	1.16741			6
2025.10.17	20:40:08.284	1.16742	1.16742			6
2025.10.17	20:40:11.483	1.16741	1.16741			6
2025.10.17	20:40:13.481	1.16740	1.16740			6
2025.10.17	20:40:13.883	1.16741	1.16741			6
2025.10.17	20:40:14.687	1.16740	1.16740			6
2025.10.17	20:40:16.882	1.16741	1.16741			6
2025.10.17	20:40:17.483	1.16740	1.16740			6
2025.10.17	20:40:18.885	1.16741	1.16741			6
2025.10.17	20:40:19.682	1.16740	1.16740			6
2025.10.17	20:40:20.684	1.16741	1.16741			6
2025.10.17	20:40:22.288	1.16742	1.16742			6
2025.10.17	20:40:23.288	1.16744	1.16744			6
2025.10.17	20:40:25.083	1.16743	1.16743			6
2025.10.17	20:40:25.683	1.16744	1.16744			6
2025.10.17	20:40:30.482	1.16743	1.16743			6
2025.10.17	20:40:31.484	1.16744	1.16744			6
2025.10.17	20:40:32.286	1.16743	1.16743			6
2025.10.17	20:40:32.883	1.16744	1.16744			6
2025.10.17	20:40:34.492	1.16743	1.16743			6
2025.10.17	20:40:37.081	1.16744	1.16744			6
2025.10.17	20:40:37.285	1.16743	1.16743			6
2025.10.17	20:40:39.283	1.16744	1.16744			6
2025.10.17	20:40:39.483	1.16743	1.16743			6
2025.10.17	20:40:40.284	1.16744	1.16744			6
2025.10.17	20:40:40.483	1.16743	1.16743			6
2025.10.17	20:40:41.283	1.16744	1.16744			6
2025.10.17	20:40:41.481	1.16743	1.16743			6
2025.10.17	20:40:42.482	1.16742	1.16742			6
2025.10.17	20:40:43.082	1.16744	1.16744			6
2025.10.17	20:40:43.682	1.16743	1.16743			6
2025.10.17	20:40:44.283	1.16744	1.16744			6
2025.10.17	20:40:44.886	1.16743	1.16743			6
2025.10.17	20:40:45.285	1.16744	1.16744			6
2025.10.17	20:40:46.084	1.16745	1.16745			6
2025.10.17	20:40:46.481	1.16744	1.16744			6
2025.10.17	20:40:47.281	1.16745	1.16745			6
2025.10.17	20:40:47.688	1.16746	1.16746			6
2025.10.17	20:40:48.081	1.16745	1.16745			6
2025.10.17	20:40:48.282	1.16746	1.16746			6
2025.10.17	20:40:52.084	1.16747	1.16747			6
2025.10.17	20:40:53.083	1.16746	1.16746			6
2025.10.17	20:40:53.287	1.16747	1.16747			6
2025.10.17	20:40:53.682	1.16745	1.16745			6
2025.10.17	20:40:54.283	1.16746	1.16746			6
2025.10.17	20:40:56.883	1.16745	1.16745			6
2025.10.17	20:40:57.283	1.16746	1.16746			6
2025.10.17	20:40:58.083	1.16745	1.16745			6
2025.10.17	20:40:58.882	1.16746	1.16746			6
2025.10.17	20:41:00.684	1.16746				2
2025.10.17	20:41:03.882	1.16747	1.16747			6
2025.10.17	20:41:04.282	1.16746	1.16746			6
2025.10.17	20:41:05.884	1.16745	1.16745			6
2025.10.17	20:41:07.283	1.16746	1.16746			6
2025.10.17	20:41:11.084	1.16747	1.16747			6
2025.10.17	20:41:11.888	1.16749	1.16749			6
2025.10.17	20:41:15.683	1.16750	1.16750			6
2025.10.17	20:41:17.885	1.16752	1.16752			6
2025.10.17	20:41:18.083	1.16751	1.16751			6
2025.10.17	20:41:18.484	1.16752	1.16752			6
2025.10.17	20:41:18.682	1.16751	1.16751			6
2025.10.17	20:41:21.681	1.16749	1.16749			6
2025.10.17	20:41:21.882	1.16750	1.16750			6
2025.10.17	20:41:22.285	1.16749	1.16749			6
2025.10.17	20:41:22.480	1.16747	1.16747			6
2025.10.17	20:41:23.080	1.16745	1.16745			6
2025.10.17	20:41:23.284	1.16743	1.16743			6
2025.10.17	20:41:23.486	1.16741	1.16741			6
2025.10.17	20:41:24.085	1.16742	1.16742			6
2025.10.17	20:41:25.084	1.16741	1.16741			6
2025.10.17	20:41:25.284	1.16742	1.16742			6
2025.10.17	20:41:26.282	1.16741	1.16741			6
2025.10.17	20:41:27.282	1.16742	1.16742			6
2025.10.17	20:41:29.291	1.16741	1.16741			6
2025.10.17	20:41:33.282	1.16737	1.16737			6
2025.10.17	20:41:33.481	1.16738	1.16738			6
2025.10.17	20:41:34.283	1.16737	1.16737			6
2025.10.17	20:41:35.282	1.16738	1.16738			6
2025.10.17	20:41:37.083	1.16739	1.16739			6
2025.10.17	20:41:38.284	1.16740	1.16740			6
2025.10.17	20:41:42.285	1.16739	1.16739			6
2025.10.17	20:41:42.488	1.16740	1.16740			6
2025.10.17	20:41:43.283	1.16738	1.16738			6
2025.10.17	20:41:46.681	1.16741	1.16741			6
2025.10.17	20:41:47.681	1.16740	1.16740			6
2025.10.17	20:41:47.885	1.16741	1.16741			6
2025.10.17	20:41:49.282	1.16740	1.16740			6
2025.10.17	20:41:49.682	1.16739	1.16739			6
2025.10.17	20:41:51.089	1.16740	1.16740			6
2025.10.17	20:41:51.886	1.16739	1.16739			6
2025.10.17	20:41:54.681	1.16738	1.16738			6
2025.10.17	20:41:54.881	1.16737	1.16737			6
2025.10.17	20:41:58.682	1.16739	1.16739			6
2025.10.17	20:42:09.285	1.16739				2
2025.10.17	20:42:11.088	1.16742	1.16742			6
2025.10.17	20:42:11.282	1.16741	1.16741			6
2025.10.17	20:42:12.082	1.16742	1.16742			6
2025.10.17	20:42:12.682	1.16741	1.16741			6
2025.10.17	20:42:12.882	1.16740	1.16740			6
2025.10.17	20:42:14.483	1.16741	1.16741			6
2025.10.17	20:42:14.684	1.16740	1.16740			6
2025.10.17	20:42:17.281	1.16739	1.16739			6
2025.10.17	20:42:17.484	1.16740	1.16740			6
2025.10.17	20:42:19.484	1.16739	1.16739			6
2025.10.17	20:42:20.484	1.16733	1.16733			6
2025.10.17	20:42:20.499	1.16732	1.16732			6
2025.10.17	20:42:25.281	1.16731	1.16731			6
2025.10.17	20:42:26.083	1.16734	1.16734			6
2025.10.17	20:42:27.087	1.16737	1.16737			6
2025.10.17	20:42:28.282	1.16736	1.16736			6
2025.10.17	20:42:28.483	1.16737	1.16737			6
2025.10.17	20:42:30.683	1.16738	1.16738			6
2025.10.17	20:42:30.880	1.16740	1.16740			6
2025.10.17	20:42:31.287	1.16739	1.16739			6
2025.10.17	20:42:32.088	1.16741	1.16741			6
2025.10.17	20:42:32.483	1.16742	1.16742			6
2025.10.17	20:42:32.684	1.16741	1.16741			6
2025.10.17	20:42:33.683	1.16742	1.16742			6
2025.10.17	20:42:33.883	1.16741	1.16741			6
2025.10.17	20:42:37.281	1.16742	1.16742			6
2025.10.17	20:42:38.883	1.16741	1.16741			6
2025.10.17	20:42:41.084	1.16738	1.16738			6
2025.10.17	20:42:41.284	1.16737	1.16737			6
2025.10.17	20:42:41.882	1.16738	1.16738			6
2025.10.17	20:42:42.885	1.16737	1.16737			6
2025.10.17	20:42:43.083	1.16740	1.16740			6
2025.10.17	20:42:45.484	1.16739	1.16739			6
2025.10.17	20:42:47.083	1.16740	1.16740			6
2025.10.17	20:42:48.284	1.16739	1.16739			6
2025.10.17	20:42:51.282	1.16740	1.16740			6
2025.10.17	20:42:53.083	1.16739	1.16739			6
2025.10.17	20:42:56.882	1.16740	1.16740			6
2025.10.17	20:42:57.483	1.16739	1.16739			6
2025.10.17	20:42:58.884	1.16738	1.16738			6
2025.10.17	20:42:59.081	1.16737	1.16737			6
2025.10.17	20:43:00.289	1.16737				2
2025.10.17	20:43:00.481	1.16742	1.16742			6
2025.10.17	20:43:00.681	1.16741	1.16741			6
2025.10.17	20:43:00.691	1.16740	1.16740			6
2025.10.17	20:43:00.884	1.16739	1.16739			6
2025.10.17	20:43:02.684	1.16740	1.16740			6
2025.10.17	20:43:03.882	1.16739	1.16739			6
2025.10.17	20:43:04.288	1.16740	1.16740			6
2025.10.17	20:43:05.482	1.16739	1.16739			6
2025.10.17	20:43:06.482	1.16740	1.16740			6
2025.10.17	20:43:10.889	1.16737	1.16737			6
2025.10.17	20:43:21.085	1.16736	1.16736			6
2025.10.17	20:43:21.684	1.16737	1.16737			6
2025.10.17	20:43:21.892	1.16736	1.16736			6
2025.10.17	20:43:23.084	1.16737	1.16737			6
2025.10.17	20:43:23.687	1.16736	1.16736			6
2025.10.17	20:43:26.489	1.16737	1.16737			6
2025.10.17	20:43:28.086	1.16736	1.16736			6
2025.10.17	20:43:28.889	1.16737	1.16737			6
2025.10.17	20:43:29.082	1.16736	1.16736			6
2025.10.17	20:43:29.482	1.16737	1.16737			6
2025.10.17	20:43:31.085	1.16738	1.16738			6
2025.10.17	20:43:32.681	1.16739	1.16739			6
2025.10.17	20:43:32.691	1.16738	1.16738			6
2025.10.17	20:43:32.882	1.16739	1.16739			6
2025.10.17	20:43:33.481	1.16738	1.16738			6
2025.10.17	20:43:35.481	1.16736	1.16736			6
2025.10.17	20:43:41.681	1.16737	1.16737			6
2025.10.17	20:43:47.883	1.16732	1.16732			6
2025.10.17	20:43:48.684	1.16731	1.16731			6
2025.10.17	20:43:49.084	1.16732	1.16732			6
2025.10.17	20:43:50.083	1.16731	1.16731			6
2025.10.17	20:43:53.689	1.16733	1.16733			6
2025.10.17	20:43:54.082	1.16734	1.16734			6
2025.10.17	20:43:55.486	1.16733	1.16733			6
2025.10.17	20:43:57.282	1.16732	1.16732			6
2025.10.17	20:43:59.283	1.16731	1.16731			6
2025.10.17	20:44:00.083	1.16732	1.16732			6
2025.10.17	20:44:00.883	1.16731	1.16731			6
2025.10.17	20:44:01.282	1.16732	1.16732			6
2025.10.17	20:44:01.486	1.16731	1.16731			6
2025.10.17	20:44:02.082	1.16732	1.16732			6
2025.10.17	20:44:02.682	1.16731	1.16731			6
2025.10.17	20:44:02.883	1.16730	1.16730			6
2025.10.17	20:44:03.882	1.16731	1.16731			6
2025.10.17	20:44:04.084	1.16730	1.16730			6
2025.10.17	20:44:07.284	1.16729	1.16729			6
2025.10.17	20:44:07.288	1.16728	1.16728			6
2025.10.17	20:44:07.482	1.16727	1.16727			6
2025.10.17	20:44:07.684	1.16729	1.16729			6
2025.10.17	20:44:12.883	1.16730	1.16730			6
2025.10.17	20:44:13.083	1.16729	1.16729			6
2025.10.17	20:44:25.685	1.16731	1.16731			6
2025.10.17	20:44:31.081	1.16730	1.16730			6
2025.10.17	20:44:31.281	1.16731	1.16731			6
2025.10.17	20:44:31.486	1.16735	1.16735			6
2025.10.17	20:44:32.882	1.16734	1.16734			6
2025.10.17	20:44:33.882	1.16735	1.16735			6
2025.10.17	20:44:43.482	1.16736	1.16736			6
2025.10.17	20:44:45.484	1.16737	1.16737			6
2025.10.17	20:44:46.484	1.16739	1.16739			6
2025.10.17	20:44:47.083	1.16737	1.16737			6
2025.10.17	20:44:47.483	1.16738	1.16738			6
2025.10.17	20:44:48.482	1.16739	1.16739			6
2025.10.17	20:44:52.282	1.16741	1.16741			6
2025.10.17	20:45:00.282	1.16740	1.16740			6
2025.10.17	20:45:02.483	1.16741	1.16741			6
2025.10.17	20:45:08.482	1.16743	1.16743			6
2025.10.17	20:45:08.684	1.16744	1.16744			6
2025.10.17	20:45:09.082	1.16742	1.16742			6
2025.10.17	20:45:09.283	1.16741	1.16741			6
2025.10.17	20:45:10.483	1.16740	1.16740			6
2025.10.17	20:45:11.683	1.16741	1.16741			6
2025.10.17	20:45:12.484	1.16740	1.16740			6
2025.10.17	20:45:15.888	1.16739	1.16739			6
2025.10.17	20:45:17.281	1.16738	1.16738			6
2025.10.17	20:45:17.490	1.16737	1.16737			6
2025.10.17	20:45:18.484	1.16736	1.16736			6
2025.10.17	20:45:21.289	1.16737	1.16737			6
2025.10.17	20:45:22.086	1.16736	1.16736			6
2025.10.17	20:45:23.485	1.16734	1.16734			6
2025.10.17	20:45:26.283	1.16732	1.16732			6
2025.10.17	20:45:27.683	1.16731	1.16731			6
2025.10.17	20:45:36.886	1.16735	1.16735			6
2025.10.17	20:45:37.083	1.16734	1.16734			6
2025.10.17	20:45:41.284	1.16733	1.16733			6
2025.10.17	20:45:41.484	1.16732	1.16732			6
2025.10.17	20:45:41.882	1.16733	1.16733			6
2025.10.17	20:45:42.083	1.16734	1.16734			6
2025.10.17	20:45:42.281	1.16733	1.16733			6
2025.10.17	20:45:42.480	1.16734	1.16734			6
2025.10.17	20:45:46.083	1.16732	1.16732			6
2025.10.17	20:45:46.888	1.16731	1.16731			6
2025.10.17	20:45:52.284	1.16732	1.16732			6
2025.10.17	20:45:52.482	1.16731	1.16731			6
2025.10.17	20:45:53.283	1.16732	1.16732			6
2025.10.17	20:45:54.881	1.16734	1.16734			6
2025.10.17	20:45:55.685	1.16736	1.16736			6
2025.10.17	20:45:56.283	1.16735	1.16735			6
2025.10.17	20:45:56.881	1.16736	1.16736			6
2025.10.17	20:45:57.682	1.16737	1.16737			6
2025.10.17	20:45:58.883	1.16736	1.16736			6
2025.10.17	20:46:01.481	1.16737	1.16737			6
2025.10.17	20:46:01.683	1.16736	1.16736			6
2025.10.17	20:46:02.084	1.16737	1.16737			6
2025.10.17	20:46:03.084	1.16736	1.16736			6
2025.10.17	20:46:03.484	1.16737	1.16737			6
2025.10.17	20:46:03.684	1.16736	1.16736			6
2025.10.17	20:46:04.683	1.16735	1.16735			6
2025.10.17	20:46:06.282	1.16736	1.16736			6
2025.10.17	20:46:06.481	1.16735	1.16735			6
2025.10.17	20:46:06.883	1.16736	1.16736			6
2025.10.17	20:46:12.883	1.16744	1.16744			6
2025.10.17	20:46:13.687	1.16742	1.16742			6
2025.10.17	20:46:14.684	1.16744	1.16744			6
2025.10.17	20:46:15.884	1.16745	1.16745			6
2025.10.17	20:46:16.482	1.16744	1.16744			6
2025.10.17	20:46:16.883	1.16747	1.16747			6
2025.10.17	20:46:18.283	1.16746	1.16746			6
2025.10.17	20:46:19.483	1.16747	1.16747			6
2025.10.17	20:46:19.884	1.16746	1.16746			6
2025.10.17	20:46:20.083	1.16745	1.16745			6
2025.10.17	20:46:20.281	1.16747	1.16747			6
2025.10.17	20:46:21.683	1.16749	1.16749			6
2025.10.17	20:46:21.883	1.16750	1.16750			6
2025.10.17	20:46:22.881	1.16749	1.16749			6
2025.10.17	20:46:23.083	1.16750	1.16750			6
2025.10.17	20:46:24.686	1.16752	1.16752			6
2025.10.17	20:46:26.081	1.16751	1.16751			6
2025.10.17	20:46:26.285	1.16752	1.16752			6
2025.10.17	20:46:28.482	1.16751	1.16751			6
2025.10.17	20:46:28.882	1.16752	1.16752			6
2025.10.17	20:46:29.681	1.16751	1.16751			6
2025.10.17	20:46:30.084	1.16752	1.16752			6
2025.10.17	20:46:31.486	1.16747	1.16747			6
2025.10.17	20:46:32.289	1.16748	1.16748			6
2025.10.17	20:46:33.281	1.16747	1.16747			6
2025.10.17	20:46:34.481	1.16746	1.16746			6
2025.10.17	20:46:34.683	1.16747	1.16747			6
2025.10.17	20:46:35.086	1.16746	1.16746			6
2025.10.17	20:46:35.281	1.16747	1.16747			6
2025.10.17	20:46:36.486	1.16746	1.16746			6
2025.10.17	20:46:37.088	1.16747	1.16747			6
2025.10.17	20:46:37.690	1.16746	1.16746			6
2025.10.17	20:46:38.087	1.16747	1.16747			6
2025.10.17	20:46:40.488	1.16749	1.16749			6
2025.10.17	20:46:40.688	1.16748	1.16748			6
2025.10.17	20:46:41.282	1.16749	1.16749			6
2025.10.17	20:46:41.482	1.16748	1.16748			6
2025.10.17	20:46:41.682	1.16750	1.16750			6
2025.10.17	20:46:42.883	1.16751	1.16751			6
2025.10.17	20:46:43.282	1.16750	1.16750			6
2025.10.17	20:46:45.482	1.16751	1.16751			6
2025.10.17	20:46:45.884	1.16752	1.16752			6
2025.10.17	20:46:46.083	1.16751	1.16751			6
2025.10.17	20:46:47.289	1.16750	1.16750			6
2025.10.17	20:46:49.684	1.16746	1.16746			6
2025.10.17	20:46:50.289	1.16747	1.16747			6
2025.10.17	20:46:51.481	1.16746	1.16746			6
2025.10.17	20:46:52.083	1.16747	1.16747			6
2025.10.17	20:46:52.282	1.16746	1.16746			6
2025.10.17	20:46:52.482	1.16747	1.16747			6
2025.10.17	20:46:56.682	1.16748	1.16748			6
2025.10.17	20:46:57.081	1.16749	1.16749			6
2025.10.17	20:46:57.687	1.16750	1.16750			6
2025.10.17	20:46:59.087	1.16749	1.16749			6
2025.10.17	20:47:00.281	1.16753	1.16753			6
2025.10.17	20:47:00.684	1.16757	1.16757			6
2025.10.17	20:47:00.889	1.16756	1.16756			6
2025.10.17	20:47:00.896	1.16757	1.16757			6
2025.10.17	20:47:01.083	1.16758	1.16758			6
2025.10.17	20:47:01.285	1.16757	1.16757			6
2025.10.17	20:47:01.486	1.16756	1.16756			6
2025.10.17	20:47:01.881	1.16757	1.16757			6
2025.10.17	20:47:02.482	1.16755	1.16755			6
2025.10.17	20:47:02.881	1.16757	1.16757			6
2025.10.17	20:47:03.081	1.16756	1.16756			6
2025.10.17	20:47:03.288	1.16757	1.16757			6
2025.10.17	20:47:03.482	1.16756	1.16756			6
2025.10.17	20:47:03.882	1.16757	1.16757			6
2025.10.17	20:47:04.683	1.16756	1.16756			6
2025.10.17	20:47:04.884	1.16755	1.16755			6
2025.10.17	20:47:05.685	1.16756	1.16756			6
2025.10.17	20:47:06.282	1.16755	1.16755			6
2025.10.17	20:47:06.484	1.16754	1.16754			6
2025.10.17	20:47:08.082	1.16749	1.16749			6
2025.10.17	20:47:12.681	1.16750	1.16750			6
2025.10.17	20:47:13.087	1.16749	1.16749			6
2025.10.17	20:47:13.284	1.16750	1.16750			6
2025.10.17	20:47:13.487	1.16749	1.16749			6
2025.10.17	20:47:14.683	1.16750	1.16750			6
2025.10.17	20:47:19.089	1.16751	1.16751			6
2025.10.17	20:47:19.286	1.16750	1.16750			6
2025.10.17	20:47:19.883	1.16751	1.16751			6
2025.10.17	20:47:24.084	1.16750	1.16750			6
2025.10.17	20:47:25.681	1.16751	1.16751			6
2025.10.17	20:47:25.886	1.16750	1.16750			6
2025.10.17	20:47:30.682	1.16751	1.16751			6
2025.10.17	20:47:30.884	1.16750	1.16750			6
2025.10.17	20:47:33.686	1.16751	1.16751			6
2025.10.17	20:47:34.283	1.16752	1.16752			6
2025.10.17	20:47:37.685	1.16751	1.16751			6
2025.10.17	20:47:38.084	1.16752	1.16752			6
2025.10.17	20:47:38.683	1.16751	1.16751			6
2025.10.17	20:47:42.082	1.16750	1.16750			6
2025.10.17	20:47:43.282	1.16751	1.16751			6
2025.10.17	20:47:44.881	1.16750	1.16750			6
2025.10.17	20:47:45.282	1.16751	1.16751			6
2025.10.17	20:47:46.281	1.16750	1.16750			6
2025.10.17	20:47:49.483	1.16751	1.16751			6
2025.10.17	20:47:51.282	1.16750	1.16750			6
2025.10.17	20:47:54.081	1.16748	1.16748			6
2025.10.17	20:47:54.285	1.16747	1.16747			6
2025.10.17	20:47:54.483	1.16749	1.16749			6
2025.10.17	20:48:00.481	1.16750	1.16750			6
2025.10.17	20:48:01.882	1.16751	1.16751			6
2025.10.17	20:48:02.483	1.16750	1.16750			6
2025.10.17	20:48:09.283	1.16751	1.16751			6
2025.10.17	20:48:10.082	1.16750	1.16750			6
2025.10.17	20:48:11.882	1.16751	1.16751			6
2025.10.17	20:48:12.482	1.16752	1.16752			6
2025.10.17	20:48:13.281	1.16751	1.16751			6
2025.10.17	20:48:15.687	1.16753	1.16753			6
2025.10.17	20:48:16.283	1.16755	1.16755			6
2025.10.17	20:48:16.681	1.16756	1.16756			6
2025.10.17	20:48:16.882	1.16757	1.16757			6
2025.10.17	20:48:18.284	1.16758	1.16758			6
2025.10.17	20:48:18.482	1.16759	1.16759			6
2025.10.17	20:48:18.881	1.16758	1.16758			6
2025.10.17	20:48:19.683	1.16759	1.16759			6
2025.10.17	20:48:20.882	1.16756	1.16756			6
2025.10.17	20:48:21.085	1.16753	1.16753			6
2025.10.17	20:48:21.682	1.16751	1.16751			6
2025.10.17	20:48:22.081	1.16749	1.16749			6
2025.10.17	20:48:22.284	1.16750	1.16750			6
2025.10.17	20:48:23.281	1.16751	1.16751			6
2025.10.17	20:48:24.082	1.16752	1.16752			6
2025.10.17	20:48:24.283	1.16749	1.16749			6
2025.10.17	20:48:24.482	1.16747	1.16747			6
2025.10.17	20:48:29.483	1.16748	1.16748			6
2025.10.17	20:48:30.082	1.16747	1.16747			6
2025.10.17	20:48:30.484	1.16746	1.16746			6
2025.10.17	20:48:30.682	1.16747	1.16747			6
2025.10.17	20:48:31.883	1.16746	1.16746			6
2025.10.17	20:48:39.883	1.16748	1.16748			6
2025.10.17	20:48:39.888	1.16747	1.16747			6
2025.10.17	20:48:42.483	1.16749	1.16749			6
2025.10.17	20:48:42.681	1.16748	1.16748			6
2025.10.17	20:48:42.882	1.16749	1.16749			6
2025.10.17	20:48:43.085	1.16748	1.16748			6
2025.10.17	20:48:43.483	1.16749	1.16749			6
2025.10.17	20:48:43.882	1.16750	1.16750			6
2025.10.17	20:48:44.083	1.16751	1.16751			6
2025.10.17	20:48:45.681	1.16752	1.16752			6
2025.10.17	20:48:46.284	1.16751	1.16751			6
2025.10.17	20:48:48.080	1.16750	1.16750			6
2025.10.17	20:48:59.283	1.16749	1.16749			6
2025.10.17	20:48:59.687	1.16750	1.16750			6
2025.10.17	20:49:00.483	1.16752	1.16752			6
2025.10.17	20:49:00.494	1.16751	1.16751			6
2025.10.17	20:49:00.682	1.16753	1.16753			6
2025.10.17	20:49:02.883	1.16754	1.16754			6
2025.10.17	20:49:03.082	1.16753	1.16753			6
2025.10.17	20:49:04.284	1.16754	1.16754			6
2025.10.17	20:49:05.282	1.16755	1.16755			6
2025.10.17	20:49:05.882	1.16754	1.16754			6
2025.10.17	20:49:10.887	1.16753	1.16753			6
2025.10.17	20:49:11.682	1.16754	1.16754			6
2025.10.17	20:49:12.893	1.16755	1.16755			6
2025.10.17	20:49:18.282	1.16754	1.16754			6
2025.10.17	20:49:18.482	1.16755	1.16755			6
2025.10.17	20:49:18.682	1.16754	1.16754			6
2025.10.17	20:49:18.882	1.16755	1.16755			6
2025.10.17	20:49:22.482	1.16756	1.16756			6
2025.10.17	20:49:23.684	1.16755	1.16755			6
2025.10.17	20:49:24.482	1.16756	1.16756			6
2025.10.17	20:49:25.082	1.16757	1.16757			6
2025.10.17	20:49:27.085	1.16756	1.16756			6
2025.10.17	20:49:27.885	1.16757	1.16757			6
2025.10.17	20:49:28.482	1.16756	1.16756			6
2025.10.17	20:49:28.882	1.16757	1.16757			6
2025.10.17	20:49:29.282	1.16755	1.16755			6
2025.10.17	20:49:29.683	1.16756	1.16756			6
2025.10.17	20:49:30.485	1.16755	1.16755			6
2025.10.17	20:49:30.683	1.16756	1.16756			6
2025.10.17	20:49:30.881	1.16755	1.16755			6
2025.10.17	20:49:32.483	1.16756	1.16756			6
2025.10.17	20:49:35.288	1.16757	1.16757			6
2025.10.17	20:49:35.884	1.16756	1.16756			6
2025.10.17	20:49:36.487	1.16755	1.16755			6
2025.10.17	20:49:37.484	1.16756	1.16756			6
2025.10.17	20:49:42.291	1.16755	1.16755			6
2025.10.17	20:49:44.283	1.16756	1.16756			6
2025.10.17	20:49:46.882	1.16757	1.16757			6
2025.10.17	20:49:47.282	1.16756	1.16756			6
2025.10.17	20:49:49.885	1.16757	1.16757			6
2025.10.17	20:49:51.281	1.16756	1.16756			6
2025.10.17	20:49:53.882	1.16755	1.16755			6
2025.10.17	20:50:00.481	1.16752	1.16752			6
2025.10.17	20:50:02.082	1.16753	1.16753			6
2025.10.17	20:50:02.483	1.16749	1.16749			6
2025.10.17	20:50:07.485	1.16750	1.16750			6
2025.10.17	20:50:08.484	1.16749	1.16749			6
2025.10.17	20:50:09.484	1.16750	1.16750			6
2025.10.17	20:50:09.683	1.16749	1.16749			6
2025.10.17	20:50:12.890	1.16750	1.16750			6
2025.10.17	20:50:14.883	1.16751	1.16751			6
2025.10.17	20:50:17.282	1.16752	1.16752			6
2025.10.17	20:50:17.482	1.16751	1.16751			6
2025.10.17	20:50:21.886	1.16752	1.16752			6
2025.10.17	20:50:23.089	1.16751	1.16751			6
2025.10.17	20:50:23.687	1.16752	1.16752			6
2025.10.17	20:50:32.085	1.16751	1.16751			6
2025.10.17	20:50:32.487	1.16752	1.16752			6
2025.10.17	20:50:34.683	1.16751	1.16751			6
2025.10.17	20:50:36.682	1.16752	1.16752			6
2025.10.17	20:50:37.681	1.16751	1.16751			6
2025.10.17	20:50:40.882	1.16752	1.16752			6
2025.10.17	20:50:41.282	1.16751	1.16751			6
2025.10.17	20:50:42.682	1.16752	1.16752			6
2025.10.17	20:50:45.283	1.16753	1.16753			6
2025.10.17	20:50:46.283	1.16754	1.16754			6
2025.10.17	20:50:50.282	1.16753	1.16753			6
2025.10.17	20:50:51.082	1.16754	1.16754			6
2025.10.17	20:50:53.483	1.16755	1.16755			6
2025.10.17	20:50:54.085	1.16753	1.16753			6
2025.10.17	20:50:54.282	1.16751	1.16751			6
2025.10.17	20:50:54.484	1.16750	1.16750			6
2025.10.17	20:50:56.281	1.16751	1.16751			6
2025.10.17	20:51:00.482	1.16752	1.16752			6
2025.10.17	20:51:00.686	1.16751	1.16751			6
2025.10.17	20:51:01.081	1.16752	1.16752			6
2025.10.17	20:51:01.484	1.16751	1.16751			6
2025.10.17	20:51:02.087	1.16752	1.16752			6
2025.10.17	20:51:04.485	1.16751	1.16751			6
2025.10.17	20:51:07.885	1.16750	1.16750			6
2025.10.17	20:51:08.092	1.16751	1.16751			6
2025.10.17	20:51:08.283	1.16752	1.16752			6
2025.10.17	20:51:08.686	1.16751	1.16751			6
2025.10.17	20:51:10.083	1.16752	1.16752			6
2025.10.17	20:51:11.483	1.16751	1.16751			6
2025.10.17	20:51:14.482	1.16750	1.16750			6
2025.10.17	20:51:15.283	1.16751	1.16751			6
2025.10.17	20:51:17.084	1.16750	1.16750			6
2025.10.17	20:51:20.082	1.16751	1.16751			6
2025.10.17	20:51:29.884	1.16749	1.16749			6
2025.10.17	20:51:30.083	1.16748	1.16748			6
2025.10.17	20:51:31.482	1.16749	1.16749			6
2025.10.17	20:51:31.885	1.16748	1.16748			6
2025.10.17	20:51:34.281	1.16749	1.16749			6
2025.10.17	20:51:34.485	1.16747	1.16747			6
2025.10.17	20:51:36.082	1.16748	1.16748			6
2025.10.17	20:51:40.282	1.16749	1.16749			6
2025.10.17	20:51:42.882	1.16748	1.16748			6
2025.10.17	20:51:43.082	1.16750	1.16750			6
2025.10.17	20:51:48.681	1.16751	1.16751			6
2025.10.17	20:51:52.486	1.16750	1.16750			6
2025.10.17	20:51:54.082	1.16747	1.16747			6
2025.10.17	20:51:56.682	1.16748	1.16748			6
2025.10.17	20:51:59.885	1.16751	1.16751			6
2025.10.17	20:52:00.481	1.16751				2
2025.10.17	20:52:01.881	1.16752	1.16752			6
2025.10.17	20:52:02.083	1.16751	1.16751			6
2025.10.17	20:52:02.683	1.16750	1.16750			6
2025.10.17	20:52:03.684	1.16751	1.16751			6
2025.10.17	20:52:03.881	1.16750	1.16750			6
2025.10.17	20:52:04.482	1.16747	1.16747			6
2025.10.17	20:52:05.484	1.16748	1.16748			6
2025.10.17	20:52:08.284	1.16749	1.16749			6
2025.10.17	20:52:10.083	1.16751	1.16751			6
2025.10.17	20:52:12.086	1.16752	1.16752			6
2025.10.17	20:52:15.081	1.16751	1.16751			6
2025.10.17	20:52:15.881	1.16752	1.16752			6
2025.10.17	20:52:16.881	1.16751	1.16751			6
2025.10.17	20:52:19.683	1.16750	1.16750			6
2025.10.17	20:52:22.681	1.16747	1.16747			6
2025.10.17	20:52:22.887	1.16748	1.16748			6
2025.10.17	20:52:23.083	1.16749	1.16749			6
2025.10.17	20:52:29.483	1.16746	1.16746			6
2025.10.17	20:52:29.882	1.16747	1.16747			6
2025.10.17	20:52:30.883	1.16746	1.16746			6
2025.10.17	20:52:35.085	1.16747	1.16747			6
2025.10.17	20:52:35.684	1.16741	1.16741			6
2025.10.17	20:52:43.085	1.16740	1.16740			6
2025.10.17	20:52:43.886	1.16741	1.16741			6
2025.10.17	20:52:44.086	1.16740	1.16740			6
2025.10.17	20:52:45.684	1.16741	1.16741			6
2025.10.17	20:52:45.886	1.16740	1.16740			6
2025.10.17	20:52:46.088	1.16741	1.16741			6
2025.10.17	20:52:46.283	1.16740	1.16740			6
2025.10.17	20:52:51.881	1.16741	1.16741			6
2025.10.17	20:52:52.281	1.16740	1.16740			6
2025.10.17	20:53:01.083	1.16741	1.16741			6
2025.10.17	20:53:01.282	1.16740	1.16740			6
2025.10.17	20:53:01.487	1.16741	1.16741			6
2025.10.17	20:53:02.884	1.16740	1.16740			6
2025.10.17	20:53:05.282	1.16741	1.16741			6
2025.10.17	20:53:09.487	1.16744	1.16744			6
2025.10.17	20:53:09.687	1.16743	1.16743			6
2025.10.17	20:53:09.882	1.16741	1.16741			6
2025.10.17	20:53:10.083	1.16742	1.16742			6
2025.10.17	20:53:10.481	1.16743	1.16743			6
2025.10.17	20:53:10.683	1.16741	1.16741			6
2025.10.17	20:53:12.882	1.16740	1.16740			6
2025.10.17	20:53:13.082	1.16741	1.16741			6
2025.10.17	20:53:13.281	1.16742	1.16742			6
2025.10.17	20:53:13.287	1.16743	1.16743			6
2025.10.17	20:53:13.486	1.16745	1.16745			6
2025.10.17	20:53:13.682	1.16744	1.16744			6
2025.10.17	20:53:14.082	1.16746	1.16746			6
2025.10.17	20:53:14.683	1.16745	1.16745			6
2025.10.17	20:53:16.083	1.16744	1.16744			6
2025.10.17	20:53:16.483	1.16745	1.16745			6
2025.10.17	20:53:17.083	1.16746	1.16746			6
2025.10.17	20:53:17.484	1.16743	1.16743			6
2025.10.17	20:53:18.287	1.16745	1.16745			6
2025.10.17	20:53:19.689	1.16744	1.16744			6
2025.10.17	20:53:19.882	1.16745	1.16745			6
2025.10.17	20:53:21.682	1.16743	1.16743			6
2025.10.17	20:53:21.885	1.16744	1.16744			6
2025.10.17	20:53:23.282	1.16743	1.16743			6
2025.10.17	20:53:23.883	1.16736	1.16736			6
2025.10.17	20:53:25.082	1.16737	1.16737			6
2025.10.17	20:53:26.287	1.16736	1.16736			6
2025.10.17	20:53:27.083	1.16737	1.16737			6
2025.10.17	20:53:27.885	1.16736	1.16736			6
2025.10.17	20:53:28.882	1.16735	1.16735			6
2025.10.17	20:53:39.886	1.16736	1.16736			6
2025.10.17	20:53:41.883	1.16737	1.16737			6
2025.10.17	20:53:42.889	1.16736	1.16736			6
2025.10.17	20:53:45.083	1.16735	1.16735			6
2025.10.17	20:53:45.483	1.16736	1.16736			6
2025.10.17	20:53:47.883	1.16738	1.16738			6
2025.10.17	20:53:48.083	1.16737	1.16737			6
2025.10.17	20:53:52.282	1.16741	1.16741			6
2025.10.17	20:53:52.683	1.16740	1.16740			6
2025.10.17	20:53:53.085	1.16741	1.16741			6
2025.10.17	20:53:54.282	1.16740	1.16740			6
2025.10.17	20:53:54.486	1.16739	1.16739			6
2025.10.17	20:53:54.883	1.16740	1.16740			6
2025.10.17	20:53:55.483	1.16739	1.16739			6
2025.10.17	20:53:59.481	1.16738	1.16738			6
2025.10.17	20:54:02.282	1.16737	1.16737			6
2025.10.17	20:54:04.281	1.16739	1.16739			6
2025.10.17	20:54:08.282	1.16740	1.16740			6
2025.10.17	20:54:10.488	1.16739	1.16739			6
2025.10.17	20:54:11.288	1.16740	1.16740			6
2025.10.17	20:54:11.882	1.16741	1.16741			6
2025.10.17	20:54:12.287	1.16740	1.16740			6
2025.10.17	20:54:12.483	1.16741	1.16741			6
2025.10.17	20:54:15.083	1.16740	1.16740			6
2025.10.17	20:54:15.482	1.16739	1.16739			6
2025.10.17	20:54:17.282	1.16736	1.16736			6
2025.10.17	20:54:18.683	1.16738	1.16738			6
2025.10.17	20:54:23.083	1.16737	1.16737			6
2025.10.17	20:54:29.481	1.16736	1.16736			6
2025.10.17	20:54:30.683	1.16735	1.16735			6
2025.10.17	20:54:32.881	1.16734	1.16734			6
2025.10.17	20:54:34.682	1.16735	1.16735			6
2025.10.17	20:54:34.882	1.16734	1.16734			6
2025.10.17	20:54:35.281	1.16735	1.16735			6
2025.10.17	20:54:36.483	1.16734	1.16734			6
2025.10.17	20:54:36.682	1.16735	1.16735			6
2025.10.17	20:54:42.483	1.16730	1.16730			6
2025.10.17	20:54:42.882	1.16729	1.16729			6
2025.10.17	20:54:43.882	1.16730	1.16730			6
2025.10.17	20:54:44.684	1.16731	1.16731			6
2025.10.17	20:54:45.083	1.16730	1.16730			6
2025.10.17	20:54:45.282	1.16729	1.16729			6
2025.10.17	20:54:51.883	1.16730	1.16730			6
